Order Date,Sales
12/6/2011,2580.91
12/6/2011,148.50
12/6/2011,1610.91
12/6/2011,2080.00
12/6/2011,1794.00
12/6/2011,1431.00
12/6/2011,1455.80
12/6/2011,1069.25
12/6/2011,2339.91
12/6/2011,4128.50
12/6/2011,268.00
12/6/2011,408.59
12/6/2011,93.02
12/6/2011,757.93
12/6/2011,1782.00
12/6/2011,3775.20
12/6/2011,7279.00
12/6/2011,509.55
12/6/2011,4845.60
12/6/2011,1407.15
12/6/2011,2358.40
12/6/2011,257.40
12/6/2011,423.46
12/6/2011,2661.10
12/7/2011,1544.40
12/7/2011,414.20
12/7/2011,439.96
12/7/2011,5262.60
12/7/2011,3568.81
12/7/2011,5262.60
12/7/2011,2340.80
12/7/2011,1742.40
12/7/2011,2631.20
12/7/2011,2182.40
12/7/2011,176.00
12/7/2011,3276.75
12/7/2011,4191.20
12/7/2011,9963.00
12/8/2011,46.62
12/8/2011,3301.87
12/8/2011,72.20
12/8/2011,490.20
12/8/2011,1651.28
12/8/2011,13472.31
12/8/2011,135.66
12/8/2011,3340.87
12/8/2011,3481.55
12/8/2011,467.87
12/8/2011,1642.05
12/8/2011,599.80
12/9/2011,438.60
12/9/2011,341.72
12/9/2011,940.50
12/9/2011,562.96
12/9/2011,5676.00
12/9/2011,741.00
12/9/2011,2823.15
12/9/2011,2385.20
12/9/2011,1246.40
12/9/2011,2552.00
12/9/2011,7807.98
12/9/2011,3168.30
12/9/2011,51.30
12/9/2011,2145.93
12/9/2011,176.56
12/9/2011,190.00
12/10/2011,376.36
12/10/2011,288.52
12/10/2011,78.61
12/10/2011,1732.80
12/10/2011,2552.00
12/10/2011,44.28
12/10/2011,1348.53
12/10/2011,1696.50
12/10/2011,1929.60
12/10/2011,756.20
12/10/2011,1554.00
12/10/2011,4927.82
12/10/2011,4466.05
12/10/2011,100.80
12/10/2011,169.39
12/10/2011,1012.65
12/10/2011,1851.20
12/11/2011,49.36
12/11/2011,97.62
12/11/2011,17789.35
12/11/2011,2049.55
12/11/2011,2035.50
12/11/2011,1104.45
12/11/2011,2274.15
12/11/2011,2790.00
12/11/2011,122.93
12/11/2011,2159.20
12/11/2011,2951.20
12/11/2011,2285.40
12/11/2011,3800.30
12/11/2011,4491.00
12/11/2011,1656.00
12/11/2011,159.60
12/11/2011,6784.10
12/11/2011,256.56
12/11/2011,8673.00
12/12/2011,266.66
12/12/2011,1368.00
12/12/2011,1036.00
12/12/2011,4241.90
12/12/2011,288.76
12/12/2011,1312.00
12/12/2011,396.00
12/12/2011,240.21
12/12/2011,1610.91
12/12/2011,404.18
12/12/2011,17442.00
12/12/2011,228.47
12/13/2011,4836.00
12/13/2011,2152.80
12/13/2011,3777.55
12/13/2011,1232.40
12/13/2011,5561.60
12/13/2011,2070.00
12/13/2011,186.20
12/13/2011,577.31
12/13/2011,242.91
12/13/2011,3238.40
12/13/2011,3227.88
12/13/2011,16179.80
12/13/2011,5517.60
12/13/2011,438.45
12/13/2011,369.93
12/13/2011,444.80
12/13/2011,4998.40
12/13/2011,370.60
12/14/2011,4703.08
12/14/2011,387.60
12/14/2011,1692.00
12/14/2011,14585.40
12/14/2011,2463.44
12/14/2011,5292.00
12/14/2011,1399.20
12/14/2011,450.00
12/14/2011,20196.00
12/14/2011,439.96
12/14/2011,5624.80
12/14/2011,51.15
12/14/2011,3892.20
12/14/2011,3185.41
12/14/2011,4492.90
12/14/2011,3882.18
12/14/2011,562.40
12/14/2011,756.00
12/14/2011,1408.00
12/15/2011,816.00
12/15/2011,643.50
12/15/2011,31757.55
12/15/2011,112.67
12/15/2011,2035.50
12/15/2011,1516.09
12/15/2011,195.80
12/15/2011,1677.65
12/15/2011,5032.80
12/15/2011,38.96
12/15/2011,612.00
12/15/2011,266.11
12/15/2011,320.22
12/15/2011,3557.70
12/15/2011,69.93
12/16/2011,2595.41
12/16/2011,1467.00
12/16/2011,2394.65
12/16/2011,537.97
12/16/2011,158.57
12/16/2011,247.24
12/16/2011,464.40
12/16/2011,749.70
12/16/2011,273.00
12/16/2011,2719.20
12/16/2011,660.00
12/16/2011,113.31
12/16/2011,269.10
12/16/2011,2637.00
12/16/2011,3204.10
12/16/2011,340.10
12/16/2011,4993.20
12/16/2011,546.00
12/16/2011,2601.00
12/16/2011,6336.40
12/16/2011,37.05
12/17/2011,234.60
12/17/2011,109.20
12/17/2011,22366.05
12/17/2011,222.07
12/17/2011,97.62
12/17/2011,2595.50
12/17/2011,2666.84
12/17/2011,241.56
12/17/2011,528.20
12/17/2011,11388.30
12/17/2011,347.73
12/17/2011,1734.60
12/17/2011,490.20
12/17/2011,194.96
12/17/2011,410.88
12/17/2011,311.92
12/17/2011,7998.00
12/17/2011,4178.30
12/17/2011,1248.00
12/17/2011,509.55
12/18/2011,2581.00
12/18/2011,77.65
12/18/2011,2911.65
12/18/2011,108.34
12/18/2011,3204.10
12/18/2011,85.03
12/18/2011,144.26
12/18/2011,5333.68
12/18/2011,5029.90
12/18/2011,1402.20
12/18/2011,224.20
12/18/2011,10460.10
12/18/2011,316.00
12/19/2011,735.30
12/19/2011,37.96
12/19/2011,115.57
12/19/2011,1660.50
12/19/2011,3040.00
12/19/2011,516.00
12/19/2011,509.55
12/19/2011,11997.60
12/19/2011,283.22
12/19/2011,10632.25
12/19/2011,206.91
12/19/2011,3302.55
12/19/2011,2577.85
12/19/2011,203.46
12/19/2011,106.26
12/19/2011,620.15
12/19/2011,4514.40
12/19/2011,959.68
12/19/2011,120.90
12/19/2011,200.60
12/19/2011,2052.00
12/20/2011,386.10
12/20/2011,1086.75
12/20/2011,1264.40
12/20/2011,287.92
12/20/2011,1076.40
12/20/2011,2371.80
12/20/2011,5026.80
12/20/2011,5174.40
12/20/2011,2871.00
12/20/2011,1044.00
12/20/2011,135.96
12/20/2011,1201.20
12/20/2011,3025.10
12/20/2011,159.21
12/20/2011,147.96
12/20/2011,20196.00
12/20/2011,490.20
12/20/2011,984.20
12/20/2011,203.46
12/20/2011,245.64
12/20/2011,38.46
12/20/2011,3531.15
12/20/2011,167.96
12/21/2011,10466.40
12/21/2011,1151.15
12/21/2011,503.10
12/21/2011,5262.60
12/21/2011,31737.30
12/21/2011,2160.00
12/21/2011,9154.50
12/21/2011,1135.20
12/21/2011,8204.20
12/21/2011,3640.10
12/21/2011,1672.76
12/21/2011,2952.60
12/21/2011,233.96
12/21/2011,1984.21
12/21/2011,2191.80
12/21/2011,7792.20
12/21/2011,192.35
12/21/2011,546.00
12/22/2011,612.00
12/22/2011,1487.20
12/22/2011,1984.00
12/22/2011,16497.30
12/22/2011,57604.50
12/22/2011,97.62
12/22/2011,2387.60
12/22/2011,135.96
12/22/2011,2488.20
12/22/2011,1663.80
12/22/2011,13568.20
12/22/2011,8820.00
12/22/2011,283.84
12/22/2011,464.40
12/22/2011,1536.70
12/23/2011,20334.40
12/23/2011,2385.20
12/23/2011,1658.80
12/23/2011,8820.00
12/23/2011,1658.80
12/23/2011,1053.15
12/23/2011,28802.25
12/23/2011,7379.40
12/23/2011,47.60
12/23/2011,2032.80
12/23/2011,3345.88
12/23/2011,86.08
12/23/2011,1860.10
12/23/2011,2385.20
12/23/2011,1116.72
12/23/2011,6437.12
12/24/2011,760.00
12/24/2011,354.90
12/24/2011,645.96
12/24/2011,2387.60
12/24/2011,2261.92
12/24/2011,2581.00
12/24/2011,1644.72
12/24/2011,3855.00
12/24/2011,310.00
12/24/2011,2300.91
12/24/2011,4416.15
12/24/2011,5259.35
12/24/2011,123.62
12/25/2011,3818.10
12/25/2011,3925.80
12/25/2011,3185.41
12/25/2011,2087.93
12/25/2011,195.80
12/25/2011,3025.10
12/25/2011,750.60
12/25/2011,1876.80
12/25/2011,2088.00
12/25/2011,3471.88
12/25/2011,2224.00
12/25/2011,1010.10
12/25/2011,2743.50
12/25/2011,447.41
12/25/2011,357.91
12/25/2011,2538.20
12/25/2011,3212.41
12/25/2011,1281.15
12/25/2011,2704.00
12/25/2011,5982.60
12/25/2011,110.60
12/25/2011,187.95
12/25/2011,2026.65
12/25/2011,91.80
12/26/2011,186.20
12/26/2011,757.05
12/26/2011,556.00
12/26/2011,559.26
12/26/2011,85.50
12/26/2011,2500.90
12/26/2011,167.96
12/26/2011,79.92
12/26/2011,516.00
12/26/2011,391.05
12/26/2011,5055.20
12/26/2011,1835.20
12/26/2011,6758.60
12/26/2011,364.00
12/26/2011,357.91
12/26/2011,608.00
12/26/2011,152.91
12/27/2011,1654.40
12/27/2011,2049.55
12/27/2011,2047.00
12/27/2011,1281.15
12/27/2011,6531.40
12/27/2011,998.40
12/27/2011,107.64
12/27/2011,1508.00
12/27/2011,5661.00
12/27/2011,2741.20
12/27/2011,2909.55
12/27/2011,2090.40
12/27/2011,85.03
12/27/2011,266.11
12/27/2011,8907.15
12/27/2011,316.80
12/28/2011,204.70
12/28/2011,718.90
12/28/2011,64.26
12/28/2011,428.96
12/28/2011,4060.60
12/28/2011,8175.30
12/28/2011,17343.00
12/28/2011,4210.60
12/28/2011,2529.00
12/28/2011,4233.60
12/28/2011,5056.00
12/28/2011,16692.15
12/28/2011,176.00
12/29/2011,719.94
12/29/2011,2313.91
12/29/2011,3537.60
12/29/2011,2886.50
12/29/2011,1682.60
12/29/2011,192.35
12/29/2011,756.00
12/29/2011,2472.00
12/29/2011,342.00
12/29/2011,105.56
12/29/2011,22383.90
12/29/2011,1533.30
12/29/2011,1983.20
12/29/2011,671.46
12/29/2011,3008.20
12/29/2011,1270.50
12/30/2011,1654.07
12/30/2011,608.60
12/30/2011,277.39
12/30/2011,3022.88
12/30/2011,6661.20
12/30/2011,305.58
12/30/2011,1622.40
12/30/2011,1772.10
12/30/2011,2772.00
12/30/2011,1036.00
12/30/2011,2735.81
12/30/2011,5292.00
12/30/2011,1408.00
12/30/2011,4485.00
12/30/2011,49.36
12/30/2011,2464.00
12/30/2011,161.01
12/30/2011,2895.20
12/30/2011,3838.56
12/30/2011,236.96
12/31/2011,2691.00
12/31/2011,318.51
12/31/2011,3238.80
12/31/2011,355.91
12/31/2011,670.26
12/31/2011,142.41
12/31/2011,2633.22
12/31/2011,1038.20
12/31/2011,227.96
12/31/2011,2262.00
12/31/2011,4929.60
1/1/2012,1694.60
1/1/2012,5262.60
1/1/2012,169.86
1/1/2012,287.27
1/1/2012,4096.80
1/1/2012,113.31
1/1/2012,6757.06
1/1/2012,725.93
1/1/2012,1162.70
1/1/2012,786.05
1/1/2012,2224.00
1/1/2012,308.10
1/1/2012,1762.20
1/1/2012,1663.80
1/1/2012,2070.00
1/1/2012,757.45
1/2/2012,3239.40
1/2/2012,1654.07
1/2/2012,22540.00
1/2/2012,165.86
1/2/2012,2167.20
1/2/2012,2371.80
1/2/2012,737.10
1/2/2012,357.91
1/2/2012,222.50
1/2/2012,496.65
1/2/2012,772.92
1/2/2012,285.08
1/2/2012,260.91
1/2/2012,1467.00
1/2/2012,2952.60
1/2/2012,5500.20
1/2/2012,490.20
1/2/2012,203.46
1/2/2012,16302.45
1/3/2012,61.16
1/3/2012,26823.15
1/3/2012,796.00
1/3/2012,1642.05
1/3/2012,1141.65
1/3/2012,96.84
1/3/2012,1129.41
1/3/2012,1032.48
1/3/2012,7140.95
1/3/2012,102.00
1/3/2012,1026.00
1/3/2012,2639.40
1/3/2012,1020.80
1/3/2012,1762.20
1/4/2012,1794.00
1/4/2012,60.84
1/4/2012,2607.70
1/4/2012,234.72
1/4/2012,5292.00
1/4/2012,3042.00
1/4/2012,113.31
1/4/2012,4861.80
1/4/2012,1975.92
1/4/2012,943.80
1/4/2012,10029.90
1/4/2012,14642.20
1/4/2012,50.01
1/4/2012,204.87
1/4/2012,3374.60
1/4/2012,6552.00
1/4/2012,79.97
1/4/2012,163.80
1/5/2012,2595.41
1/5/2012,2029.20
1/5/2012,3204.10
1/5/2012,62.00
1/5/2012,325.49
1/5/2012,5114.80
1/5/2012,3040.00
1/5/2012,157.37
1/5/2012,186.90
1/5/2012,1780.00
1/5/2012,22844.50
1/5/2012,258.01
1/6/2012,17926.41
1/6/2012,566.43
1/6/2012,433.52
1/6/2012,1210.40
1/6/2012,970.10
1/6/2012,1623.60
1/6/2012,2514.95
1/6/2012,288.52
1/6/2012,158.31
1/6/2012,381.15
1/6/2012,1840.80
1/6/2012,2661.10
1/6/2012,77.94
1/6/2012,262.20
1/6/2012,2052.00
1/6/2012,562.40
1/6/2012,2944.55
1/6/2012,455.94
1/6/2012,766.15
1/6/2012,2923.92
1/6/2012,2895.20
1/7/2012,3631.32
1/7/2012,142.72
1/7/2012,1246.40
1/7/2012,74.10
1/7/2012,75.89
1/7/2012,1217.20
1/7/2012,1797.75
1/7/2012,5447.91
1/7/2012,1423.05
1/7/2012,206.91
1/7/2012,1193.20
1/7/2012,868.21
1/7/2012,2765.55
1/7/2012,42.84
1/7/2012,2026.65
1/7/2012,7451.28
1/7/2012,387.60
1/7/2012,394.68
1/7/2012,308.10
1/8/2012,37.05
1/8/2012,2398.60
1/8/2012,70413.00
1/8/2012,54.00
1/8/2012,1414.68
1/8/2012,2358.40
1/8/2012,2506.00
1/8/2012,58.54
1/8/2012,74.98
1/8/2012,461.96
1/8/2012,4850.74
1/8/2012,2628.40
1/8/2012,37.96
1/8/2012,2676.05
1/8/2012,3504.28
1/8/2012,10195.60
1/8/2012,1076.40
1/8/2012,123.62
1/8/2012,4008.00
1/8/2012,7912.10
1/8/2012,2558.40
1/8/2012,737.88
1/8/2012,2610.00
1/9/2012,1198.45
1/9/2012,746.55
1/9/2012,996.14
1/9/2012,3459.58
1/9/2012,2728.00
1/9/2012,2232.00
1/9/2012,1493.10
1/9/2012,2679.60
1/10/2012,1896.87
1/10/2012,216.22
1/10/2012,205.76
1/10/2012,4767.72
1/10/2012,2691.00
1/10/2012,3008.20
1/10/2012,5548.95
1/10/2012,2678.11
1/10/2012,296.40
1/10/2012,159.52
1/10/2012,9963.00
1/10/2012,7056.00
1/10/2012,99.96
1/10/2012,1016.60
1/10/2012,394.29
1/10/2012,1142.40
1/10/2012,85.20
1/10/2012,5266.80
1/10/2012,1674.00
1/10/2012,2955.90
1/10/2012,316.80
1/11/2012,1395.11
1/11/2012,790.00
1/11/2012,6891.36
1/11/2012,214.17
1/11/2012,1458.85
1/11/2012,298.25
1/11/2012,83.04
1/11/2012,2741.20
1/11/2012,3382.00
1/11/2012,203.72
1/11/2012,356.40
1/11/2012,3221.82
1/11/2012,2197.60
1/12/2012,74.98
1/12/2012,304.12
1/12/2012,503.10
1/12/2012,1169.61
1/12/2012,1303.50
1/12/2012,644.54
1/12/2012,7919.10
1/12/2012,2609.91
1/12/2012,245.52
1/12/2012,267.33
1/13/2012,99.96
1/13/2012,3800.30
1/13/2012,1113.40
1/13/2012,3312.00
1/13/2012,2162.34
1/13/2012,3805.67
1/13/2012,101.40
1/13/2012,67.11
1/13/2012,1752.41
1/13/2012,191.10
1/13/2012,5740.50
1/13/2012,9963.00
1/13/2012,756.20
1/13/2012,389.69
1/13/2012,11778.21
1/14/2012,4402.17
1/14/2012,134.26
1/14/2012,38.96
1/14/2012,871.75
1/14/2012,5688.00
1/14/2012,4300.48
1/14/2012,4475.00
1/14/2012,3860.37
1/14/2012,830.29
1/14/2012,1415.91
1/14/2012,186.90
1/14/2012,76.62
1/15/2012,163.76
1/15/2012,20564.42
1/15/2012,64.56
1/15/2012,1217.20
1/15/2012,280.11
1/15/2012,85.20
1/15/2012,1582.05
1/15/2012,3878.91
1/15/2012,774.00
1/15/2012,631.11
1/15/2012,1296.78
1/15/2012,8883.76
1/15/2012,3551.10
1/15/2012,446.16
1/16/2012,2678.11
1/16/2012,3119.88
1/16/2012,3077.43
1/16/2012,1919.88
1/16/2012,6783.00
1/16/2012,2358.40
1/16/2012,175.56
1/16/2012,3882.18
1/16/2012,1968.00
1/16/2012,7330.05
1/16/2012,928.54
1/16/2012,45.82
1/16/2012,7289.10
1/16/2012,348.96
1/16/2012,11431.20
1/16/2012,584.53
1/16/2012,119.60
1/16/2012,44.17
1/16/2012,166.92
1/17/2012,1496.15
1/17/2012,78.61
1/17/2012,8036.00
1/17/2012,46.41
1/17/2012,166.60
1/17/2012,6066.45
1/17/2012,496.65
1/17/2012,198.00
1/17/2012,7398.00
1/17/2012,434.46
1/17/2012,3854.95
1/17/2012,167.96
1/17/2012,1287.70
1/17/2012,5953.07
1/17/2012,496.65
1/17/2012,5148.00
1/17/2012,7280.00
1/17/2012,2972.60
1/17/2012,33.97
1/17/2012,323.91
1/17/2012,3320.68
1/17/2012,78.00
1/18/2012,2700.00
1/18/2012,9963.00
1/18/2012,345.85
1/18/2012,178.55
1/18/2012,63.60
1/18/2012,77.65
1/18/2012,379.20
1/18/2012,212.71
1/18/2012,2412.00
1/18/2012,3464.10
1/18/2012,542.10
1/18/2012,468.00
1/18/2012,3660.55
1/18/2012,795.08
1/18/2012,2606.41
1/18/2012,5727.64
1/18/2012,4880.03
1/19/2012,2398.60
1/19/2012,2385.20
1/19/2012,718.20
1/19/2012,731.50
1/19/2012,201.43
1/19/2012,6721.00
1/19/2012,6822.00
1/19/2012,8991.00
1/19/2012,627.00
1/19/2012,490.20
1/19/2012,103.81
1/19/2012,2207.20
1/20/2012,2242.84
1/20/2012,766.15
1/20/2012,222.60
1/20/2012,5436.00
1/20/2012,3524.40
1/20/2012,1754.20
1/20/2012,10010.00
1/20/2012,234.72
1/20/2012,1863.48
1/20/2012,1504.10
1/20/2012,2361.60
1/20/2012,13298.35
1/20/2012,413.51
1/20/2012,3459.58
1/20/2012,5203.87
1/20/2012,1932.00
1/20/2012,371.61
1/20/2012,5880.15
1/20/2012,1700.50
1/20/2012,309.51
1/20/2012,83.04
1/20/2012,3474.98
1/21/2012,3225.31
1/21/2012,13497.30
1/21/2012,1938.15
1/21/2012,1050.20
1/21/2012,425.10
1/21/2012,386.10
1/21/2012,5631.46
1/21/2012,239.94
1/21/2012,3903.99
1/21/2012,449.91
1/21/2012,500.40
1/21/2012,2134.68
1/21/2012,686.34
1/21/2012,3423.20
1/22/2012,3844.80
1/22/2012,11431.20
1/22/2012,12639.55
1/22/2012,659.94
1/22/2012,257.40
1/22/2012,2038.10
1/22/2012,3608.00
1/22/2012,11626.05
1/22/2012,4391.20
1/22/2012,2683.88
1/22/2012,4073.83
1/22/2012,2655.00
1/22/2012,1997.95
1/22/2012,7875.11
1/23/2012,2725.80
1/23/2012,2472.80
1/23/2012,981.00
1/23/2012,542.14
1/23/2012,490.20
1/23/2012,252.02
1/23/2012,194.84
1/23/2012,3311.78
1/23/2012,2017.80
1/23/2012,238.70
1/23/2012,343.11
1/23/2012,731.50
1/23/2012,13592.24
1/23/2012,1196.95
1/23/2012,1187.21
1/23/2012,10651.80
1/23/2012,2702.90
1/23/2012,2500.90
1/23/2012,2352.00
1/24/2012,8179.88
1/24/2012,1262.80
1/24/2012,2609.91
1/24/2012,8339.07
1/24/2012,9944.55
1/24/2012,312.05
1/24/2012,39.96
1/24/2012,275.88
1/24/2012,2661.10
1/24/2012,4076.20
1/24/2012,4400.00
1/24/2012,1603.44
1/24/2012,2100.40
1/24/2012,5035.65
1/25/2012,3018.40
1/25/2012,2118.72
1/25/2012,166.92
1/25/2012,776.10
1/25/2012,11604.00
1/25/2012,548.55
1/25/2012,322.11
1/25/2012,2412.00
1/25/2012,164.74
1/25/2012,113.34
1/25/2012,2727.80
1/25/2012,599.80
1/25/2012,2566.68
1/25/2012,55.18
1/25/2012,3806.40
1/25/2012,158.31
1/25/2012,479.96
1/25/2012,731.50
1/26/2012,67.96
1/26/2012,3903.99
1/26/2012,2044.35
1/26/2012,2961.00
1/26/2012,1852.80
1/26/2012,205.76
1/26/2012,1730.10
1/26/2012,2464.00
1/26/2012,914.60
1/26/2012,230.10
1/26/2012,1607.16
1/26/2012,300.20
1/26/2012,3312.99
1/26/2012,528.20
1/26/2012,151.03
1/26/2012,1210.40
1/26/2012,83.60
1/26/2012,2006.40
1/27/2012,227.15
1/27/2012,3354.86
1/27/2012,13472.31
1/27/2012,50.70
1/27/2012,2685.00
1/27/2012,5922.40
1/27/2012,37.96
1/27/2012,770.00
1/27/2012,3821.65
1/27/2012,2958.64
1/27/2012,47.60
1/27/2012,107.80
1/27/2012,2396.90
1/27/2012,8900.00
1/27/2012,41.60
1/28/2012,1089.00
1/28/2012,503.10
1/28/2012,9671.20
1/28/2012,2595.41
1/28/2012,2640.00
1/28/2012,1140.00
1/28/2012,189.00
1/28/2012,1303.80
1/28/2012,766.15
1/28/2012,2588.60
1/28/2012,11860.00
1/28/2012,2076.80
1/28/2012,10195.60
1/28/2012,612.00
1/28/2012,1897.60
1/28/2012,5233.20
1/28/2012,479.96
1/28/2012,2514.95
1/28/2012,589.30
1/28/2012,323.91
1/28/2012,2038.20
1/28/2012,1154.62
1/28/2012,2920.50
1/28/2012,262.20
1/29/2012,418.21
1/29/2012,2725.80
1/29/2012,469.05
1/29/2012,496.65
1/29/2012,194.42
1/29/2012,391.05
1/29/2012,2398.60
1/29/2012,383.97
1/29/2012,1521.00
1/29/2012,5953.07
1/29/2012,1288.00
1/29/2012,1279.20
1/29/2012,2682.00
1/29/2012,6041.75
1/30/2012,3751.32
1/30/2012,57.14
1/30/2012,5961.90
1/30/2012,2551.91
1/30/2012,556.00
1/30/2012,1971.00
1/30/2012,2500.90
1/30/2012,44.03
1/30/2012,60.45
1/30/2012,31153.65
1/30/2012,3860.37
1/30/2012,9726.15
1/30/2012,3993.40
1/30/2012,3571.05
1/30/2012,1161.00
1/30/2012,1933.18
1/30/2012,108.77
1/30/2012,1693.34
1/30/2012,210.84
1/30/2012,1870.55
1/30/2012,1126.70
1/31/2012,116.61
1/31/2012,462.54
1/31/2012,1070.85
1/31/2012,439.96
1/31/2012,2380.70
1/31/2012,2028.00
1/31/2012,722.00
1/31/2012,2727.80
1/31/2012,379.20
1/31/2012,195.80
1/31/2012,3468.00
1/31/2012,6256.05
1/31/2012,854.10
1/31/2012,57.00
1/31/2012,57.84
1/31/2012,8791.20
1/31/2012,2595.60
2/1/2012,635.25
2/1/2012,163.76
2/1/2012,750.50
2/1/2012,5141.40
2/1/2012,58.54
2/1/2012,159.60
2/1/2012,157.63
2/1/2012,1112.00
2/1/2012,11626.05
2/1/2012,510.22
2/1/2012,247.46
2/1/2012,18776.20
2/1/2012,1601.91
2/1/2012,215.96
2/1/2012,473.60
2/1/2012,320.31
2/1/2012,5198.80
2/1/2012,11918.07
2/1/2012,6348.40
2/1/2012,2514.95
2/2/2012,263.12
2/2/2012,93.60
2/2/2012,220.00
2/2/2012,345.80
2/2/2012,12337.35
2/2/2012,1216.00
2/2/2012,2646.15
2/2/2012,147.52
2/2/2012,197.34
2/2/2012,2748.00
2/2/2012,756.20
2/2/2012,565.24
2/2/2012,391.38
2/2/2012,1660.50
2/2/2012,2709.00
2/2/2012,264.00
2/2/2012,10346.66
2/2/2012,7062.21
2/2/2012,601.80
2/3/2012,2972.60
2/3/2012,304.15
2/3/2012,6256.05
2/3/2012,245.52
2/3/2012,3619.65
2/3/2012,3720.00
2/3/2012,496.65
2/3/2012,267.83
2/3/2012,7181.52
2/3/2012,3591.00
2/3/2012,296.36
2/3/2012,3558.00
2/4/2012,29813.07
2/4/2012,3222.00
2/4/2012,439.96
2/4/2012,2728.00
2/4/2012,254.76
2/4/2012,755.94
2/4/2012,39.46
2/4/2012,495.18
2/4/2012,318.51
2/4/2012,61.23
2/4/2012,1654.07
2/4/2012,1271.40
2/4/2012,210.84
2/4/2012,2640.00
2/4/2012,140.56
2/4/2012,1238.80
2/5/2012,3838.56
2/5/2012,3603.60
2/5/2012,55.80
2/5/2012,60.42
2/5/2012,266.23
2/5/2012,84.12
2/5/2012,6871.60
2/5/2012,1295.60
2/5/2012,880.60
2/5/2012,49.86
2/5/2012,6151.20
2/5/2012,318.45
2/5/2012,2398.60
2/6/2012,2648.19
2/6/2012,3222.00
2/6/2012,4110.55
2/6/2012,6833.41
2/6/2012,173.80
2/6/2012,111.41
2/6/2012,1899.12
2/6/2012,3838.56
2/6/2012,1335.60
2/6/2012,83.60
2/6/2012,5814.00
2/6/2012,10110.40
2/6/2012,2697.80
2/6/2012,425.10
2/6/2012,3426.06
2/6/2012,4805.20
2/6/2012,684.00
2/6/2012,6718.89
2/7/2012,3619.65
2/7/2012,2412.00
2/7/2012,5331.10
2/7/2012,345.06
2/7/2012,4466.05
2/7/2012,3401.00
2/7/2012,269.56
2/7/2012,37.96
2/7/2012,402.00
2/7/2012,290.57
2/7/2012,115.57
2/7/2012,68.07
2/7/2012,300.20
2/7/2012,1312.00
2/7/2012,2710.40
2/7/2012,256.56
2/7/2012,640.00
2/7/2012,1830.40
2/7/2012,2130.10
2/7/2012,7969.20
2/7/2012,737.10
2/8/2012,552.09
2/8/2012,3938.80
2/8/2012,5922.40
2/8/2012,51.15
2/8/2012,2718.00
2/8/2012,3481.55
2/8/2012,6822.00
2/8/2012,102.00
2/8/2012,188.60
2/8/2012,1238.80
2/8/2012,2175.26
2/8/2012,1512.90
2/8/2012,526.89
2/9/2012,1612.96
2/9/2012,2617.05
2/9/2012,9137.19
2/9/2012,3087.00
2/9/2012,2468.20
2/9/2012,2038.10
2/9/2012,341.79
2/9/2012,189.40
2/9/2012,3600.00
2/9/2012,227.96
2/9/2012,352.39
2/9/2012,460.20
2/9/2012,865.05
2/9/2012,2711.70
2/9/2012,67.60
2/9/2012,37.05
2/10/2012,215.68
2/10/2012,1086.80
2/10/2012,9423.00
2/10/2012,3602.86
2/10/2012,2831.82
2/10/2012,52.00
2/10/2012,2610.00
2/10/2012,36.80
2/10/2012,7956.55
2/10/2012,1663.41
2/10/2012,2731.97
2/10/2012,192.35
2/10/2012,8328.40
2/10/2012,76.12
2/11/2012,2038.10
2/11/2012,68.07
2/11/2012,3507.51
2/11/2012,1255.10
2/11/2012,1450.70
2/11/2012,184.61
2/11/2012,1424.00
2/11/2012,101.78
2/11/2012,514.57
2/11/2012,4391.20
2/11/2012,6011.40
2/11/2012,1367.40
2/12/2012,342.00
2/12/2012,49.40
2/12/2012,164.83
2/12/2012,1467.00
2/12/2012,3459.58
2/12/2012,6186.15
2/12/2012,7544.00
2/12/2012,152.91
2/12/2012,2242.84
2/12/2012,2435.92
2/12/2012,20655.00
2/12/2012,1511.88
2/12/2012,3371.20
2/13/2012,2466.88
2/13/2012,1270.50
2/13/2012,257.84
2/13/2012,3442.65
2/13/2012,2581.00
2/13/2012,2371.80
2/13/2012,38.46
2/13/2012,525.72
2/13/2012,5508.05
2/13/2012,1035.65
2/13/2012,5026.80
2/13/2012,414.20
2/13/2012,8591.40
2/13/2012,122.36
2/13/2012,20310.75
2/14/2012,3838.56
2/14/2012,2371.80
2/14/2012,292.56
2/14/2012,296.40
2/14/2012,7341.55
2/14/2012,1829.20
2/14/2012,7305.76
2/14/2012,1520.91
2/14/2012,4500.00
2/14/2012,2047.00
2/14/2012,436.00
2/14/2012,10113.60
2/14/2012,7014.84
2/15/2012,643.50
2/15/2012,1295.60
2/15/2012,1932.00
2/15/2012,2357.41
2/15/2012,1500.24
2/15/2012,1960.05
2/15/2012,1742.57
2/15/2012,81.97
2/15/2012,309.51
2/15/2012,516.00
2/15/2012,1592.91
2/15/2012,702.00
2/15/2012,3239.40
2/16/2012,2580.91
2/16/2012,63.60
2/16/2012,378.73
2/16/2012,5391.00
2/16/2012,231.02
2/16/2012,2928.10
2/16/2012,1829.20
2/16/2012,9000.00
2/16/2012,5035.65
2/16/2012,10745.16
2/17/2012,2774.50
2/17/2012,680.00
2/17/2012,2453.69
2/17/2012,796.00
2/17/2012,6151.20
2/17/2012,201.50
2/18/2012,98.91
2/18/2012,3616.80
2/18/2012,2463.44
2/18/2012,1407.15
2/18/2012,50.70
2/18/2012,2571.40
2/18/2012,67.96
2/18/2012,8932.10
2/18/2012,9963.00
2/18/2012,4884.80
2/18/2012,646.37
2/18/2012,824.27
2/18/2012,5637.45
2/18/2012,1407.91
2/18/2012,3312.99
2/18/2012,235.20
2/18/2012,13806.00
2/18/2012,590.58
2/18/2012,1654.07
2/19/2012,730.55
2/19/2012,7742.55
2/19/2012,51.35
2/19/2012,5173.33
2/19/2012,101.48
2/19/2012,741.00
2/19/2012,257.40
2/19/2012,1738.88
2/19/2012,13397.32
2/19/2012,1886.00
2/19/2012,3715.20
2/19/2012,2251.20
2/19/2012,155.61
2/19/2012,1295.60
2/19/2012,83.60
2/19/2012,1877.80
2/20/2012,6973.68
2/20/2012,83.60
2/20/2012,318.51
2/20/2012,51.80
2/20/2012,2256.00
2/20/2012,1044.00
2/20/2012,2700.00
2/20/2012,9907.65
2/20/2012,201.43
2/20/2012,5055.20
2/20/2012,1035.65
2/20/2012,2944.55
2/20/2012,2514.95
2/20/2012,711.82
2/20/2012,60.42
2/20/2012,850.36
2/20/2012,645.96
2/21/2012,5094.11
2/21/2012,206.01
2/21/2012,146.03
2/21/2012,286.80
2/21/2012,11918.07
2/21/2012,2326.91
2/21/2012,3544.80
2/21/2012,10378.74
2/21/2012,242.64
2/21/2012,2175.26
2/21/2012,17832.15
2/21/2012,1734.60
2/21/2012,3567.07
2/21/2012,975.55
2/21/2012,4269.36
2/22/2012,3629.20
2/22/2012,376.20
2/22/2012,2774.50
2/22/2012,1482.00
2/22/2012,1660.50
2/22/2012,3398.80
2/22/2012,1762.26
2/22/2012,1439.91
2/22/2012,2478.74
2/22/2012,47.60
2/22/2012,179.96
2/22/2012,66.26
2/22/2012,1789.55
2/22/2012,5611.65
2/22/2012,249.31
2/22/2012,120.12
2/22/2012,2377.92
2/23/2012,50.14
2/23/2012,990.00
2/23/2012,2989.30
2/23/2012,5102.84
2/23/2012,3130.84
2/23/2012,265.65
2/23/2012,1969.40
2/23/2012,102.00
2/23/2012,242.91
2/23/2012,889.82
2/23/2012,3494.98
2/23/2012,464.40
2/23/2012,2655.00
2/24/2012,13590.48
2/24/2012,2015.20
2/24/2012,4428.00
2/24/2012,212.71
2/24/2012,205.85
2/24/2012,722.00
2/24/2012,1029.97
2/24/2012,2142.00
2/24/2012,402.90
2/24/2012,1135.76
2/24/2012,627.00
2/24/2012,8990.80
2/24/2012,2715.94
2/24/2012,6256.05
2/24/2012,3459.58
2/25/2012,476.37
2/25/2012,258.01
2/25/2012,3332.66
2/25/2012,3222.00
2/25/2012,57.35
2/25/2012,2566.50
2/25/2012,189.85
2/25/2012,1100.10
2/25/2012,6696.72
2/25/2012,1152.00
2/25/2012,4296.00
2/25/2012,9021.60
2/25/2012,1060.20
2/26/2012,50.05
2/26/2012,1142.10
2/26/2012,8791.20
2/26/2012,13416.60
2/26/2012,292.77
2/26/2012,2266.70
2/26/2012,3699.00
2/26/2012,3844.80
2/26/2012,3925.80
2/26/2012,1969.40
2/26/2012,1180.07
2/26/2012,59.68
2/26/2012,239.96
2/26/2012,12639.55
2/27/2012,3598.80
2/27/2012,111.41
2/27/2012,2058.50
2/27/2012,201.43
2/27/2012,7584.00
2/27/2012,1615.41
2/27/2012,1010.10
2/27/2012,5860.00
2/27/2012,21556.80
2/27/2012,3419.10
2/27/2012,3860.37
2/27/2012,4732.14
2/27/2012,2562.30
2/27/2012,326.99
2/28/2012,943.80
2/28/2012,3882.18
2/28/2012,11622.80
2/28/2012,4998.40
2/28/2012,1023.05
2/28/2012,3008.20
2/28/2012,1876.16
2/28/2012,1760.00
2/28/2012,1443.53
2/28/2012,1423.05
2/28/2012,3369.96
2/28/2012,263.12
2/28/2012,6505.54
2/28/2012,8017.36
2/28/2012,376.20
2/28/2012,49.40
2/28/2012,1020.80
2/28/2012,1654.40
2/28/2012,62.01
2/29/2012,343.11
2/29/2012,3363.00
2/29/2012,2772.00
2/29/2012,3838.56
2/29/2012,6784.10
2/29/2012,789.93
2/29/2012,2695.60
2/29/2012,1416.00
2/29/2012,984.48
2/29/2012,646.00
2/29/2012,184.80
2/29/2012,3150.40
2/29/2012,1978.00
2/29/2012,2070.00
2/29/2012,1511.88
2/29/2012,746.91
2/29/2012,3925.80
2/29/2012,3140.19
3/1/2012,3838.56
3/1/2012,2920.50
3/1/2012,496.65
3/1/2012,1619.91
3/1/2012,1248.00
3/1/2012,242.64
3/1/2012,720.00
3/1/2012,425.10
3/1/2012,431.88
3/1/2012,662.96
3/1/2012,59.94
3/1/2012,199.12
3/1/2012,5296.37
3/1/2012,23647.40
3/1/2012,11691.00
3/1/2012,260.70
3/1/2012,2566.41
3/1/2012,3140.96
3/1/2012,77.61
3/1/2012,2617.41
3/1/2012,5121.00
3/1/2012,201.50
3/1/2012,224.76
3/2/2012,627.00
3/2/2012,2991.30
3/2/2012,2367.40
3/2/2012,22366.05
3/2/2012,2203.55
3/2/2012,2004.34
3/2/2012,2297.12
3/2/2012,1135.76
3/2/2012,1053.15
3/2/2012,2244.00
3/2/2012,2015.20
3/2/2012,205.54
3/2/2012,3372.00
3/2/2012,376.20
3/2/2012,233.05
3/2/2012,301.18
3/2/2012,1022.20
3/2/2012,8391.60
3/3/2012,6186.15
3/3/2012,391.05
3/3/2012,912.72
3/3/2012,2500.90
3/3/2012,3681.00
3/3/2012,414.20
3/3/2012,496.65
3/3/2012,2015.20
3/3/2012,2304.80
3/3/2012,3558.00
3/3/2012,1754.20
3/3/2012,267.33
3/3/2012,796.00
3/3/2012,468.47
3/4/2012,385.53
3/4/2012,102.00
3/4/2012,1271.40
3/4/2012,27846.00
3/4/2012,1595.88
3/4/2012,165.71
3/4/2012,113.62
3/4/2012,142.41
3/5/2012,11976.00
3/5/2012,289.90
3/5/2012,9990.00
3/5/2012,995.00
3/5/2012,2832.00
3/5/2012,1969.00
3/5/2012,1499.00
3/5/2012,294.00
3/5/2012,95.40
3/5/2012,14997.00
3/5/2012,4770.00
3/5/2012,6990.00
3/5/2012,800.00
3/5/2012,299.95
3/5/2012,1747.20
3/5/2012,6460.00
3/5/2012,345.00
3/6/2012,490.20
3/6/2012,5056.80
3/6/2012,2080.00
3/6/2012,67.50
3/6/2012,230.00
3/6/2012,588.00
3/6/2012,369.71
3/6/2012,6367.20
3/6/2012,9990.00
3/6/2012,900.00
3/6/2012,245.00
3/6/2012,1869.00
3/6/2012,2480.00
3/6/2012,1095.00
3/6/2012,4668.00
3/6/2012,299.00
3/6/2012,695.00
3/6/2012,1640.00
3/6/2012,5680.00
3/6/2012,774.00
3/6/2012,250.00
3/6/2012,289.90
3/6/2012,129.42
3/7/2012,77.94
3/7/2012,3849.00
3/7/2012,3100.00
3/7/2012,2580.00
3/7/2012,2480.00
3/7/2012,545.00
3/7/2012,2760.00
3/7/2012,379.95
3/7/2012,294.00
3/7/2012,24990.00
3/7/2012,395.00
3/7/2012,2499.00
3/7/2012,45900.00
3/7/2012,239.00
3/7/2012,474.00
3/7/2012,9270.00
3/7/2012,749.75
3/7/2012,2256.00
3/7/2012,2496.00
3/7/2012,2899.90
3/7/2012,2214.00
3/7/2012,3080.00
3/7/2012,3760.00
3/7/2012,1079.60
3/8/2012,1057.80
3/8/2012,1885.00
3/8/2012,2310.00
3/8/2012,495.00
3/8/2012,126.60
3/8/2012,5880.00
3/8/2012,1980.00
3/8/2012,3588.00
3/8/2012,1900.00
3/8/2012,1969.00
3/8/2012,1869.00
3/8/2012,22950.00
3/8/2012,275.00
3/8/2012,9990.00
3/9/2012,840.00
3/9/2012,3090.00
3/9/2012,9800.00
3/9/2012,2680.00
3/9/2012,479.88
3/9/2012,309.40
3/9/2012,1452.00
3/9/2012,1560.00
3/9/2012,7635.10
3/9/2012,9980.00
3/9/2012,269.90
3/9/2012,224.40
3/9/2012,57.00
3/9/2012,1968.00
3/9/2012,2930.00
3/9/2012,2680.00
3/10/2012,5398.20
3/10/2012,6320.00
3/10/2012,2599.90
3/10/2012,3580.00
3/10/2012,6990.00
3/10/2012,9990.00
3/10/2012,5000.00
3/10/2012,3829.50
3/10/2012,269.90
3/10/2012,1090.00
3/10/2012,2976.00
3/10/2012,1980.00
3/10/2012,2290.00
3/10/2012,1869.00
3/10/2012,65.00
3/10/2012,1434.00
3/10/2012,16200.00
3/10/2012,3090.00
3/10/2012,220.00
3/10/2012,995.00
3/10/2012,3100.00
3/10/2012,22950.00
3/10/2012,49.95
3/10/2012,337.00
3/10/2012,1090.00
3/10/2012,2300.00
3/11/2012,1452.00
3/11/2012,1920.00
3/11/2012,3380.00
3/11/2012,2988.00
3/11/2012,3600.00
3/11/2012,70.95
3/11/2012,1705.60
3/11/2012,2300.00
3/11/2012,149.94
3/11/2012,1599.90
3/11/2012,3300.00
3/11/2012,1799.40
3/11/2012,545.00
3/11/2012,6990.00
3/11/2012,2800.00
3/12/2012,3800.00
3/12/2012,390.00
3/12/2012,3980.00
3/12/2012,4320.00
3/12/2012,161.40
3/12/2012,4990.00
3/12/2012,67.50
3/12/2012,4820.00
3/12/2012,1614.00
3/12/2012,654.00
3/12/2012,2900.00
3/12/2012,379.95
3/12/2012,2580.00
3/12/2012,4800.00
3/12/2012,3600.00
3/12/2012,2552.00
3/12/2012,3290.00
3/12/2012,2242.80
3/12/2012,379.95
3/12/2012,4300.00
3/13/2012,611.96
3/13/2012,287.70
3/13/2012,2799.90
3/13/2012,249.95
3/13/2012,1399.20
3/13/2012,3290.00
3/13/2012,138.90
3/13/2012,1900.00
3/13/2012,4699.70
3/13/2012,4788.00
3/13/2012,8380.00
3/13/2012,95.00
3/13/2012,2599.90
3/13/2012,129.50
3/13/2012,3829.50
3/13/2012,1968.00
3/13/2012,3430.00
3/13/2012,1570.00
3/13/2012,34.75
3/13/2012,4485.00
3/13/2012,379.95
3/13/2012,995.00
3/13/2012,1599.90
3/13/2012,389.90
3/13/2012,2000.00
3/13/2012,3990.00
3/14/2012,1499.50
3/14/2012,995.00
3/14/2012,2900.00
3/14/2012,1797.40
3/14/2012,22950.00
3/14/2012,1640.00
3/14/2012,2900.00
3/14/2012,21991.20
3/14/2012,2499.00
3/14/2012,8890.00
3/14/2012,1590.00
3/14/2012,995.00
3/14/2012,5297.20
3/14/2012,390.00
3/14/2012,5593.00
3/14/2012,241.30
3/14/2012,64.95
3/14/2012,22950.00
3/14/2012,3299.25
3/14/2012,107.85
3/14/2012,335.00
3/14/2012,179.90
3/14/2012,2000.00
3/15/2012,516.00
3/15/2012,950.00
3/15/2012,16200.00
3/15/2012,469.90
3/15/2012,1968.00
3/15/2012,2090.00
3/15/2012,73.93
3/15/2012,4049.25
3/15/2012,79.50
3/15/2012,645.00
3/15/2012,389.95
3/15/2012,2680.00
3/15/2012,1600.00
3/15/2012,7580.00
3/15/2012,2680.00
3/16/2012,6151.20
3/16/2012,4824.00
3/16/2012,960.00
3/16/2012,4020.00
3/16/2012,8724.00
3/16/2012,995.00
3/16/2012,277.20
3/16/2012,84.95
3/16/2012,3479.88
3/16/2012,499.90
3/16/2012,1956.00
3/16/2012,460.00
3/16/2012,780.00
3/16/2012,5391.00
3/17/2012,659.94
3/17/2012,1900.00
3/17/2012,4800.00
3/17/2012,275.88
3/17/2012,24990.00
3/17/2012,11856.00
3/17/2012,182.08
3/17/2012,375.41
3/17/2012,4090.00
3/17/2012,2666.00
3/17/2012,774.00
3/17/2012,208.65
3/18/2012,13197.36
3/18/2012,335.00
3/18/2012,239.75
3/18/2012,264.00
3/18/2012,23952.00
3/18/2012,124.95
3/18/2012,179.90
3/18/2012,1980.00
3/18/2012,3580.00
3/18/2012,4362.00
3/18/2012,645.00
3/18/2012,41.70
3/18/2012,359.90
3/18/2012,2800.00
3/18/2012,167.58
3/18/2012,2280.00
3/18/2012,9800.00
3/18/2012,510.00
3/18/2012,264.00
3/19/2012,289.90
3/19/2012,2976.00
3/19/2012,1690.00
3/19/2012,3770.00
3/19/2012,1885.00
3/19/2012,1759.56
3/19/2012,141.88
3/19/2012,2290.00
3/19/2012,7200.00
3/19/2012,3300.00
3/19/2012,4990.00
3/19/2012,504.00
3/19/2012,354.00
3/19/2012,2290.00
3/19/2012,813.93
3/19/2012,825.00
3/19/2012,3260.00
3/19/2012,189.85
3/19/2012,2800.00
3/20/2012,3893.00
3/20/2012,6890.00
3/20/2012,518.70
3/20/2012,245.00
3/20/2012,2748.00
3/20/2012,1935.00
3/20/2012,1845.00
3/20/2012,337.00
3/20/2012,510.00
3/20/2012,1022.20
3/20/2012,4320.00
3/20/2012,107.85
3/20/2012,3775.20
3/20/2012,3090.00
3/20/2012,1885.00
3/20/2012,107.85
3/20/2012,3216.00
3/20/2012,1080.00
3/20/2012,229.90
3/20/2012,495.00
3/20/2012,11988.00
3/21/2012,654.00
3/21/2012,2680.00
3/21/2012,2496.60
3/21/2012,2900.00
3/21/2012,3635.00
3/21/2012,1932.00
3/21/2012,249.80
3/21/2012,2360.00
3/21/2012,1969.00
3/21/2012,2080.00
3/21/2012,3320.00
3/21/2012,995.00
3/21/2012,3000.00
3/21/2012,2310.00
3/21/2012,9980.00
3/21/2012,10548.00
3/21/2012,197.71
3/21/2012,3372.00
3/21/2012,2670.00
3/22/2012,264.00
3/22/2012,10183.00
3/22/2012,1099.90
3/22/2012,1560.00
3/22/2012,13980.00
3/22/2012,59.94
3/22/2012,816.00
3/22/2012,51.80
3/22/2012,4960.00
3/22/2012,1599.90
3/22/2012,7918.20
3/22/2012,239.00
3/22/2012,22950.00
3/22/2012,359.90
3/22/2012,250.02
3/22/2012,26670.00
3/22/2012,3380.00
3/22/2012,309.51
3/22/2012,1640.00
3/22/2012,9990.00
3/22/2012,59.94
3/22/2012,229.90
3/22/2012,3000.00
3/22/2012,2090.00
3/22/2012,608.00
3/22/2012,189.96
3/22/2012,14997.00
3/22/2012,77.70
3/23/2012,134.50
3/23/2012,396.00
3/23/2012,1160.00
3/23/2012,1590.00
3/23/2012,134.50
3/23/2012,49.21
3/23/2012,6960.00
3/23/2012,289.90
3/23/2012,2680.00
3/23/2012,9990.00
3/23/2012,1630.00
3/23/2012,612.00
3/23/2012,13284.00
3/23/2012,145.20
3/23/2012,29970.00
3/23/2012,6670.40
3/23/2012,1630.00
3/24/2012,7032.00
3/24/2012,3580.00
3/24/2012,220.00
3/24/2012,1560.00
3/24/2012,95.00
3/24/2012,1640.00
3/24/2012,1794.00
3/24/2012,2300.00
3/24/2012,1190.00
3/24/2012,239.00
3/24/2012,945.00
3/24/2012,3829.50
3/24/2012,6990.00
3/24/2012,1980.00
3/24/2012,2399.40
3/24/2012,3204.00
3/24/2012,127.50
3/24/2012,2310.00
3/24/2012,549.95
3/24/2012,3696.00
3/25/2012,3720.00
3/25/2012,192.28
3/25/2012,2680.00
3/25/2012,2990.00
3/25/2012,608.00
3/25/2012,1885.00
3/25/2012,695.00
3/25/2012,8244.00
3/25/2012,387.60
3/25/2012,17996.40
3/25/2012,2039.88
3/25/2012,474.00
3/25/2012,337.00
3/25/2012,636.80
3/25/2012,65.00
3/25/2012,800.00
3/25/2012,5680.00
3/25/2012,495.00
3/26/2012,431.88
3/26/2012,8600.00
3/26/2012,458.83
3/26/2012,1590.00
3/26/2012,5660.00
3/26/2012,1600.00
3/26/2012,5690.00
3/26/2012,7392.00
3/26/2012,495.00
3/26/2012,2159.88
3/26/2012,1885.00
3/26/2012,64.75
3/26/2012,3479.88
3/26/2012,1343.92
3/26/2012,800.00
3/26/2012,3828.00
3/26/2012,825.00
3/26/2012,5517.60
3/26/2012,1600.00
3/26/2012,276.00
3/26/2012,2300.00
3/26/2012,3890.00
3/27/2012,825.00
3/27/2012,1290.00
3/27/2012,13284.00
3/27/2012,359.90
3/27/2012,239.00
3/27/2012,2508.00
3/27/2012,8388.00
3/27/2012,39.96
3/27/2012,3100.00
3/27/2012,4362.00
3/27/2012,24990.00
3/27/2012,850.00
3/27/2012,1000.00
3/27/2012,269.90
3/28/2012,490.20
3/28/2012,140.00
3/28/2012,334.80
3/28/2012,654.00
3/28/2012,65.00
3/28/2012,128.45
3/28/2012,1880.00
3/28/2012,1900.00
3/28/2012,549.95
3/28/2012,6330.00
3/28/2012,169.90
3/28/2012,4270.00
3/28/2012,3010.00
3/28/2012,1630.00
3/28/2012,3290.00
3/28/2012,299.94
3/28/2012,995.00
3/28/2012,645.00
3/28/2012,5184.00
3/28/2012,179.90
3/28/2012,129.42
3/28/2012,8880.00
3/28/2012,64.95
3/28/2012,1554.00
3/28/2012,1495.00
3/28/2012,11877.30
3/29/2012,199.50
3/29/2012,3216.00
3/29/2012,2990.00
3/29/2012,6890.00
3/29/2012,2588.60
3/29/2012,1008.00
3/29/2012,115.00
3/29/2012,4220.00
3/29/2012,4663.20
3/29/2012,84.50
3/29/2012,1590.00
3/29/2012,1590.00
3/29/2012,3430.00
3/29/2012,1590.00
3/29/2012,199.50
3/29/2012,59.50
3/29/2012,1590.00
3/29/2012,3100.00
3/29/2012,1160.00
3/30/2012,16536.00
3/30/2012,4805.00
3/30/2012,3468.00
3/30/2012,299.95
3/30/2012,5990.00
3/30/2012,2190.00
3/30/2012,8190.00
3/30/2012,179.90
3/30/2012,2990.00
3/30/2012,3345.40
3/30/2012,8890.00
3/30/2012,77.70
3/30/2012,2620.86
3/30/2012,166.68
3/30/2012,6089.13
3/30/2012,469.90
3/30/2012,8500.00
3/30/2012,179.90
3/30/2012,8690.00
3/30/2012,1160.00
3/30/2012,5600.00
3/30/2012,10000.00
3/30/2012,335.00
3/30/2012,4320.00
3/30/2012,3960.00
3/30/2012,438.10
3/31/2012,2760.00
3/31/2012,1630.00
3/31/2012,1900.00
3/31/2012,1881.00
3/31/2012,1956.00
3/31/2012,2800.00
3/31/2012,2256.00
3/31/2012,9096.00
3/31/2012,2680.00
3/31/2012,429.90
3/31/2012,4498.50
3/31/2012,1000.00
3/31/2012,299.95
3/31/2012,1908.00
3/31/2012,12660.00
3/31/2012,2362.80
3/31/2012,138.90
3/31/2012,8388.00
3/31/2012,299.95
3/31/2012,3690.00
3/31/2012,1140.00
3/31/2012,3096.00
3/31/2012,1640.00
3/31/2012,825.00
3/31/2012,5660.00
3/31/2012,10116.00
3/31/2012,800.00
3/31/2012,467.88
3/31/2012,299.94
3/31/2012,1440.00
3/31/2012,532.80
4/1/2012,438.10
4/1/2012,495.00
4/1/2012,2090.00
4/1/2012,275.88
4/1/2012,138.00
4/1/2012,8690.00
4/1/2012,182.21
4/1/2012,3990.00
4/1/2012,1392.00
4/1/2012,3800.00
4/1/2012,85.14
4/1/2012,335.00
4/1/2012,2599.90
4/1/2012,1349.50
4/1/2012,5990.00
4/1/2012,695.00
4/1/2012,598.00
4/1/2012,990.00
4/1/2012,1610.00
4/1/2012,467.94
4/1/2012,4090.00
4/1/2012,9880.00
4/2/2012,134.50
4/2/2012,8582.80
4/2/2012,3770.00
4/2/2012,2290.00
4/2/2012,5148.00
4/2/2012,1520.00
4/2/2012,9600.00
4/2/2012,825.00
4/2/2012,9880.00
4/2/2012,2810.00
4/2/2012,119.40
4/2/2012,252.80
4/2/2012,9990.00
4/2/2012,250.00
4/2/2012,236.00
4/2/2012,1495.00
4/2/2012,645.00
4/3/2012,65.00
4/3/2012,2899.90
4/3/2012,279.00
4/3/2012,3499.50
4/3/2012,2990.00
4/3/2012,7188.00
4/3/2012,2760.00
4/3/2012,3690.00
4/3/2012,402.00
4/3/2012,9980.00
4/3/2012,6550.00
4/3/2012,3499.50
4/3/2012,3720.00
4/3/2012,2090.00
4/3/2012,5980.00
4/3/2012,59.50
4/3/2012,3216.00
4/3/2012,127.50
4/3/2012,406.00
4/3/2012,99.50
4/3/2012,4990.00
4/3/2012,1956.00
4/3/2012,16360.00
4/3/2012,9990.00
4/3/2012,459.80
4/3/2012,1640.00
4/3/2012,9990.00
4/3/2012,22950.00
4/3/2012,1968.00
4/4/2012,2290.00
4/4/2012,3000.00
4/4/2012,4485.00
4/4/2012,22950.00
4/4/2012,3290.00
4/4/2012,6000.00
4/4/2012,2900.00
4/4/2012,4498.50
4/4/2012,3100.00
4/4/2012,455.00
4/4/2012,4090.00
4/4/2012,215.70
4/4/2012,2799.90
4/4/2012,9990.00
4/4/2012,289.90
4/4/2012,3448.50
4/4/2012,1000.00
4/4/2012,169.95
4/4/2012,57.50
4/4/2012,5660.00
4/4/2012,3120.00
4/4/2012,495.00
4/4/2012,1799.90
4/4/2012,6570.00
4/4/2012,6550.00
4/5/2012,1570.00
4/5/2012,1210.00
4/5/2012,9670.00
4/5/2012,6200.00
4/5/2012,1495.00
4/5/2012,2900.00
4/5/2012,825.00
4/5/2012,4260.20
4/5/2012,3580.00
4/5/2012,124.95
4/5/2012,1630.00
4/5/2012,1999.50
4/5/2012,134.50
4/5/2012,9990.00
4/5/2012,3190.00
4/5/2012,2930.00
4/5/2012,2320.00
4/5/2012,337.00
4/5/2012,3010.00
4/5/2012,3919.00
4/5/2012,138.90
4/5/2012,249.95
4/5/2012,10300.00
4/5/2012,406.00
4/5/2012,9990.00
4/5/2012,3000.00
4/5/2012,199.50
4/5/2012,2290.00
4/5/2012,115.00
4/5/2012,26700.00
4/5/2012,2992.30
4/5/2012,119.00
4/6/2012,1980.00
4/6/2012,335.00
4/6/2012,70.95
4/6/2012,4953.30
4/6/2012,79.50
4/6/2012,695.00
4/6/2012,1869.00
4/6/2012,6290.00
4/6/2012,2930.00
4/6/2012,11070.00
4/6/2012,2670.00
4/6/2012,8500.00
4/6/2012,1000.00
4/6/2012,5560.00
4/6/2012,3380.00
4/6/2012,250.00
4/6/2012,5690.00
4/6/2012,4990.00
4/6/2012,1295.00
4/6/2012,2480.00
4/6/2012,345.00
4/7/2012,1690.00
4/7/2012,4362.00
4/7/2012,228.90
4/7/2012,2900.00
4/7/2012,8900.00
4/7/2012,843.60
4/7/2012,14070.00
4/7/2012,4100.00
4/7/2012,4600.00
4/7/2012,245.00
4/7/2012,2290.00
4/7/2012,279.00
4/7/2012,2300.00
4/7/2012,1960.00
4/7/2012,3890.00
4/7/2012,179.90
4/7/2012,64.75
4/7/2012,695.00
4/7/2012,130.00
4/7/2012,502.98
4/7/2012,345.00
4/7/2012,1790.00
4/7/2012,300.00
4/8/2012,2680.00
4/8/2012,6450.00
4/8/2012,761.10
4/8/2012,27540.00
4/8/2012,1869.00
4/8/2012,3100.00
4/8/2012,3299.25
4/8/2012,1599.90
4/8/2012,1349.50
4/8/2012,3580.00
4/9/2012,450.00
4/9/2012,612.00
4/9/2012,2800.00
4/9/2012,999.80
4/9/2012,65.00
4/9/2012,945.00
4/9/2012,1869.00
4/9/2012,2508.00
4/9/2012,1499.00
4/9/2012,2080.00
4/9/2012,5600.00
4/9/2012,134.50
4/9/2012,1570.00
4/9/2012,59.50
4/9/2012,1640.00
4/9/2012,1499.00
4/9/2012,2310.00
4/9/2012,1869.00
4/9/2012,345.00
4/9/2012,1095.00
4/10/2012,717.00
4/10/2012,2300.00
4/10/2012,429.90
4/10/2012,6990.00
4/10/2012,5990.00
4/10/2012,299.95
4/10/2012,495.00
4/10/2012,76.41
4/10/2012,1349.50
4/10/2012,228.90
4/10/2012,438.10
4/10/2012,5680.00
4/10/2012,2080.00
4/10/2012,779.80
4/10/2012,250.80
4/10/2012,49.95
4/10/2012,23400.00
4/11/2012,4090.00
4/11/2012,229.90
4/11/2012,289.90
4/11/2012,8890.00
4/11/2012,873.20
4/11/2012,138.90
4/11/2012,1269.00
4/11/2012,8690.00
4/11/2012,2680.00
4/11/2012,438.10
4/11/2012,1869.00
4/11/2012,67.50
4/11/2012,695.00
4/11/2012,3000.00
4/11/2012,3980.00
4/11/2012,310.00
4/11/2012,636.96
4/11/2012,64.95
4/11/2012,229.90
4/11/2012,115.00
4/11/2012,722.40
4/11/2012,4290.00
4/11/2012,950.00
4/11/2012,49.95
4/11/2012,3919.00
4/12/2012,4048.50
4/12/2012,4362.00
4/12/2012,5680.00
4/12/2012,5788.40
4/12/2012,8098.50
4/12/2012,3800.00
4/12/2012,128.45
4/12/2012,3829.50
4/12/2012,990.00
4/12/2012,774.00
4/12/2012,249.90
4/12/2012,1999.50
4/12/2012,4805.00
4/12/2012,5760.00
4/12/2012,510.00
4/12/2012,779.90
4/13/2012,284.50
4/13/2012,6636.00
4/13/2012,126.60
4/13/2012,2310.00
4/13/2012,1799.90
4/13/2012,249.80
4/13/2012,126.60
4/13/2012,330.00
4/13/2012,390.00
4/13/2012,5059.92
4/13/2012,850.00
4/13/2012,695.00
4/13/2012,695.00
4/13/2012,12126.00
4/13/2012,6570.00
4/13/2012,249.95
4/13/2012,4805.00
4/13/2012,359.90
4/13/2012,2080.00
4/13/2012,1630.00
4/13/2012,1880.00
4/13/2012,9990.00
4/13/2012,14997.00
4/13/2012,6990.00
4/13/2012,128.45
4/13/2012,13780.00
4/13/2012,2670.00
4/13/2012,510.00
4/13/2012,249.80
4/13/2012,1999.50
4/13/2012,499.60
4/13/2012,11070.00
4/13/2012,72.52
4/13/2012,2800.00
4/14/2012,2080.00
4/14/2012,1600.00
4/14/2012,3580.00
4/14/2012,740.00
4/14/2012,1360.00
4/14/2012,2990.00
4/14/2012,6990.00
4/14/2012,1845.00
4/14/2012,455.00
4/14/2012,849.95
4/14/2012,6330.00
4/14/2012,6990.00
4/14/2012,5097.60
4/14/2012,3320.00
4/14/2012,1499.00
4/14/2012,8380.00
4/14/2012,230.00
4/14/2012,8190.00
4/14/2012,2980.00
4/14/2012,330.00
4/14/2012,1880.00
4/14/2012,6320.00
4/14/2012,3090.00
4/15/2012,1640.00
4/15/2012,912.60
4/15/2012,1969.00
4/15/2012,228.90
4/15/2012,3000.00
4/15/2012,645.00
4/15/2012,761.10
4/15/2012,107.85
4/15/2012,179.90
4/15/2012,107.85
4/15/2012,1128.60
4/15/2012,2580.00
4/15/2012,521.34
4/15/2012,335.00
4/15/2012,2310.00
4/16/2012,1499.50
4/16/2012,429.90
4/16/2012,4442.22
4/16/2012,1395.00
4/16/2012,850.00
4/16/2012,4990.00
4/16/2012,1495.00
4/16/2012,9990.00
4/16/2012,228.90
4/16/2012,126.60
4/16/2012,184.95
4/16/2012,149.85
4/16/2012,2360.00
4/16/2012,22950.00
4/16/2012,1590.00
4/16/2012,495.00
4/16/2012,15600.00
4/16/2012,6843.76
4/16/2012,6730.00
4/16/2012,3299.25
4/17/2012,3100.00
4/17/2012,8600.00
4/17/2012,8690.00
4/17/2012,379.95
4/17/2012,3000.00
4/17/2012,2799.90
4/17/2012,2680.00
4/17/2012,269.90
4/17/2012,12990.00
4/17/2012,34.75
4/17/2012,2992.30
4/17/2012,107.85
4/17/2012,849.95
4/18/2012,1439.60
4/18/2012,8248.20
4/18/2012,2992.30
4/18/2012,67.83
4/18/2012,2930.00
4/18/2012,932.20
4/18/2012,1960.00
4/18/2012,220.00
4/18/2012,4668.00
4/18/2012,510.00
4/18/2012,342.08
4/18/2012,10470.00
4/18/2012,99.50
4/18/2012,2680.00
4/18/2012,10000.00
4/18/2012,289.90
4/18/2012,1999.50
4/18/2012,17550.00
4/18/2012,3580.00
4/18/2012,3320.00
4/18/2012,299.95
4/18/2012,49.95
4/18/2012,3800.00
4/18/2012,2900.00
4/18/2012,525.72
4/18/2012,70.95
4/18/2012,1345.00
4/19/2012,2310.00
4/19/2012,1600.00
4/19/2012,395.00
4/19/2012,337.00
4/19/2012,510.00
4/19/2012,249.80
4/19/2012,2670.00
4/19/2012,9990.00
4/19/2012,228.90
4/19/2012,3380.00
4/19/2012,3580.00
4/19/2012,3190.00
4/19/2012,5690.00
4/19/2012,77.70
4/19/2012,208.65
4/19/2012,1990.00
4/19/2012,740.00
4/19/2012,1095.00
4/19/2012,2992.30
4/20/2012,337.00
4/20/2012,1210.00
4/20/2012,389.90
4/20/2012,3340.00
4/20/2012,3010.00
4/20/2012,6570.00
4/20/2012,3499.50
4/20/2012,64.95
4/20/2012,389.95
4/20/2012,5880.00
4/20/2012,4100.00
4/20/2012,7097.00
4/20/2012,3690.00
4/20/2012,389.90
4/20/2012,4220.00
4/20/2012,4498.50
4/20/2012,12990.00
4/20/2012,395.00
4/20/2012,3448.50
4/21/2012,849.95
4/21/2012,510.00
4/21/2012,1790.00
4/21/2012,510.00
4/21/2012,220.11
4/21/2012,1690.00
4/21/2012,3580.00
4/21/2012,29665.20
4/21/2012,9880.00
4/21/2012,10000.00
4/21/2012,5360.00
4/21/2012,1599.90
4/21/2012,2499.00
4/21/2012,1980.00
4/21/2012,1799.90
4/21/2012,2680.00
4/21/2012,2300.00
4/21/2012,5000.00
4/21/2012,289.90
4/21/2012,138.90
4/21/2012,1969.00
4/21/2012,945.00
4/21/2012,49.95
4/21/2012,199.50
4/21/2012,4990.00
4/21/2012,269.00
4/21/2012,299.95
4/21/2012,8900.00
4/21/2012,289.90
4/22/2012,19980.00
4/22/2012,2999.00
4/22/2012,924.00
4/22/2012,1690.00
4/22/2012,9990.00
4/22/2012,275.00
4/22/2012,4699.70
4/22/2012,594.00
4/22/2012,1349.50
4/22/2012,1290.00
4/22/2012,1999.50
4/22/2012,126.60
4/22/2012,5799.80
4/22/2012,5054.40
4/22/2012,1000.00
4/22/2012,3100.00
4/22/2012,57.50
4/23/2012,7580.00
4/23/2012,279.00
4/23/2012,1295.00
4/23/2012,2148.00
4/23/2012,1590.00
4/23/2012,4110.00
4/23/2012,107.85
4/23/2012,16080.00
4/23/2012,399.90
4/23/2012,4048.50
4/23/2012,825.00
4/23/2012,4590.20
4/23/2012,6990.00
4/23/2012,3380.00
4/23/2012,3100.00
4/23/2012,22950.00
4/23/2012,184.95
4/23/2012,230.00
4/23/2012,549.95
4/24/2012,134.50
4/24/2012,1050.20
4/24/2012,1630.00
4/24/2012,266.68
4/24/2012,3980.00
4/24/2012,945.00
4/24/2012,4498.50
4/24/2012,825.00
4/24/2012,1360.00
4/24/2012,72.60
4/24/2012,5000.00
4/24/2012,84.50
4/24/2012,3448.50
4/24/2012,1610.00
4/24/2012,64.75
4/24/2012,5880.00
4/24/2012,1173.00
4/24/2012,645.00
4/24/2012,3720.00
4/24/2012,49.95
4/24/2012,59.50
4/24/2012,9990.00
4/25/2012,406.00
4/25/2012,1980.00
4/25/2012,579.80
4/25/2012,220.00
4/25/2012,1956.00
4/25/2012,163.90
4/25/2012,2316.60
4/25/2012,1295.00
4/25/2012,680.00
4/25/2012,8790.00
4/25/2012,2190.00
4/25/2012,24990.00
4/25/2012,15000.00
4/25/2012,2290.00
4/25/2012,1210.00
4/25/2012,8600.00
4/25/2012,1360.00
4/25/2012,420.00
4/25/2012,2310.00
4/25/2012,169.90
4/25/2012,1269.00
4/25/2012,945.00
4/26/2012,1869.00
4/26/2012,1360.00
4/26/2012,111.44
4/26/2012,2660.00
4/26/2012,2680.00
4/26/2012,9990.00
4/26/2012,4362.00
4/26/2012,1560.00
4/26/2012,220.00
4/26/2012,2550.00
4/26/2012,695.00
4/26/2012,239.75
4/26/2012,2499.00
4/26/2012,1580.00
4/26/2012,4100.00
4/26/2012,65.00
4/26/2012,2679.60
4/26/2012,695.00
4/26/2012,2310.00
4/26/2012,4290.00
4/26/2012,59.50
4/27/2012,399.90
4/27/2012,1000.00
4/27/2012,2080.00
4/27/2012,1000.00
4/27/2012,2080.00
4/27/2012,1590.00
4/27/2012,6990.00
4/27/2012,6897.00
4/27/2012,335.94
4/27/2012,5190.78
4/27/2012,2680.00
4/27/2012,299.95
4/27/2012,2290.00
4/27/2012,1599.90
4/27/2012,722.40
4/27/2012,49.95
4/27/2012,2680.00
4/27/2012,249.90
4/27/2012,2580.00
4/27/2012,458.20
4/27/2012,6380.00
4/27/2012,2290.00
4/27/2012,11070.00
4/28/2012,4224.40
4/28/2012,99.50
4/28/2012,2480.00
4/28/2012,670.00
4/28/2012,310.00
4/28/2012,438.10
4/28/2012,2680.00
4/28/2012,7740.00
4/28/2012,748.20
4/28/2012,2400.00
4/28/2012,249.80
4/28/2012,645.00
4/28/2012,1345.00
4/28/2012,2290.00
4/28/2012,3090.00
4/28/2012,390.00
4/28/2012,64.75
4/29/2012,4826.20
4/29/2012,495.00
4/29/2012,250.00
4/29/2012,24990.00
4/29/2012,1269.00
4/29/2012,359.90
4/29/2012,3448.50
4/29/2012,9582.30
4/29/2012,450.00
4/29/2012,3760.00
4/29/2012,2799.90
4/29/2012,1127.76
4/29/2012,1000.00
4/29/2012,1095.00
4/29/2012,6270.00
4/29/2012,208.65
4/29/2012,126.60
4/29/2012,1900.00
4/29/2012,3950.80
4/29/2012,5880.00
4/29/2012,9980.00
4/29/2012,1269.00
4/29/2012,990.00
4/29/2012,950.00
4/30/2012,2992.30
4/30/2012,2890.00
4/30/2012,395.00
4/30/2012,2218.40
4/30/2012,3690.00
4/30/2012,5880.00
4/30/2012,229.90
4/30/2012,7596.00
4/30/2012,2599.90
4/30/2012,995.00
4/30/2012,165.00
4/30/2012,200.48
4/30/2012,6948.40
4/30/2012,645.00
4/30/2012,284.50
4/30/2012,1790.00
4/30/2012,4990.00
4/30/2012,2000.00
4/30/2012,64.75
4/30/2012,416.70
4/30/2012,4800.00
4/30/2012,3100.00
4/30/2012,5680.00
4/30/2012,6990.00
5/1/2012,84.95
5/1/2012,165.00
5/1/2012,2300.00
5/1/2012,289.90
5/1/2012,719.80
5/1/2012,1290.00
5/1/2012,510.00
5/1/2012,1836.80
5/1/2012,5360.00
5/1/2012,995.00
5/1/2012,3320.00
5/1/2012,13980.00
5/1/2012,5690.00
5/1/2012,1640.00
5/1/2012,124.95
5/1/2012,4049.25
5/1/2012,859.80
5/1/2012,549.95
5/1/2012,33674.20
5/1/2012,6320.00
5/1/2012,516.96
5/1/2012,695.00
5/2/2012,5000.00
5/2/2012,3100.00
5/2/2012,1900.00
5/2/2012,699.90
5/2/2012,419.90
5/2/2012,165.00
5/2/2012,9990.00
5/2/2012,695.00
5/2/2012,1560.00
5/2/2012,5690.00
5/2/2012,599.90
5/2/2012,1570.00
5/2/2012,379.95
5/2/2012,161.40
5/2/2012,10300.00
5/2/2012,134.50
5/2/2012,2679.60
5/2/2012,1160.00
5/2/2012,250.00
5/2/2012,545.00
5/2/2012,6270.00
5/2/2012,3829.50
5/2/2012,2300.00
5/2/2012,8500.00
5/2/2012,128.45
5/2/2012,2273.60
5/2/2012,149.50
5/2/2012,2900.00
5/3/2012,6897.00
5/3/2012,2930.00
5/3/2012,457.80
5/3/2012,645.00
5/3/2012,4990.00
5/3/2012,330.00
5/3/2012,6990.00
5/3/2012,2810.00
5/3/2012,4800.00
5/3/2012,1185.00
5/3/2012,645.00
5/3/2012,59.50
5/3/2012,3320.00
5/3/2012,24990.00
5/3/2012,64.75
5/3/2012,59.50
5/3/2012,1095.00
5/3/2012,645.00
5/3/2012,2360.00
5/3/2012,2670.00
5/3/2012,359.90
5/3/2012,4100.00
5/3/2012,7342.80
5/4/2012,469.90
5/4/2012,10478.40
5/4/2012,1000.00
5/4/2012,1919.88
5/4/2012,299.00
5/4/2012,2900.00
5/4/2012,6948.40
5/4/2012,4990.00
5/4/2012,429.90
5/4/2012,4090.00
5/4/2012,1630.00
5/4/2012,359.90
5/4/2012,124.95
5/4/2012,229.90
5/4/2012,138.90
5/5/2012,2480.00
5/5/2012,229.90
5/5/2012,3299.25
5/5/2012,1590.00
5/5/2012,1980.00
5/5/2012,429.90
5/5/2012,359.90
5/5/2012,8690.00
5/5/2012,1210.00
5/5/2012,299.00
5/5/2012,3580.00
5/5/2012,1360.00
5/5/2012,1980.00
5/5/2012,2990.00
5/5/2012,13173.30
5/5/2012,1590.00
5/5/2012,3927.00
5/6/2012,510.00
5/6/2012,151.92
5/6/2012,3448.50
5/6/2012,689.96
5/6/2012,4220.00
5/6/2012,645.00
5/6/2012,3010.00
5/6/2012,1690.00
5/6/2012,6270.00
5/6/2012,509.90
5/6/2012,5059.92
5/6/2012,15160.00
5/6/2012,59.50
5/6/2012,284.50
5/6/2012,149.50
5/6/2012,1000.00
5/6/2012,279.00
5/6/2012,19960.00
5/6/2012,5690.00
5/6/2012,11070.00
5/6/2012,67.50
5/7/2012,3100.00
5/7/2012,1345.00
5/7/2012,6680.00
5/7/2012,790.00
5/7/2012,208.65
5/7/2012,599.95
5/7/2012,499.60
5/7/2012,369.90
5/7/2012,6180.00
5/7/2012,99.50
5/7/2012,579.88
5/7/2012,47.50
5/7/2012,327.60
5/7/2012,1980.00
5/7/2012,1630.00
5/7/2012,169.95
5/8/2012,220.00
5/8/2012,950.00
5/8/2012,3135.60
5/8/2012,11423.40
5/8/2012,4290.00
5/8/2012,1560.00
5/8/2012,228.90
5/8/2012,13100.00
5/8/2012,57.50
5/8/2012,1134.00
5/8/2012,359.90
5/8/2012,549.95
5/8/2012,2900.00
5/8/2012,1690.00
5/8/2012,2290.00
5/8/2012,599.95
5/8/2012,601.80
5/8/2012,2900.00
5/8/2012,8600.00
5/8/2012,289.90
5/9/2012,2799.90
5/9/2012,70.95
5/9/2012,1960.00
5/9/2012,289.90
5/9/2012,84.50
5/9/2012,13284.00
5/9/2012,1969.00
5/9/2012,1360.00
5/9/2012,4049.25
5/9/2012,345.00
5/9/2012,3100.00
5/9/2012,3290.00
5/9/2012,695.00
5/9/2012,1999.50
5/9/2012,275.00
5/9/2012,49.95
5/9/2012,59.94
5/9/2012,2000.00
5/9/2012,2868.00
5/9/2012,3299.25
5/9/2012,3849.00
5/9/2012,6990.00
5/9/2012,12990.00
5/9/2012,4090.00
5/9/2012,20970.00
5/9/2012,2090.00
5/10/2012,3580.00
5/10/2012,612.00
5/10/2012,2280.00
5/10/2012,14632.00
5/10/2012,2290.00
5/10/2012,17640.00
5/10/2012,49.95
5/10/2012,509.90
5/10/2012,680.00
5/10/2012,115.00
5/10/2012,793.50
5/10/2012,5990.00
5/10/2012,26622.00
5/10/2012,290.00
5/10/2012,2080.00
5/10/2012,5880.00
5/10/2012,390.00
5/10/2012,3430.00
5/10/2012,220.00
5/10/2012,5680.00
5/10/2012,1395.00
5/11/2012,3690.00
5/11/2012,2899.90
5/11/2012,510.00
5/11/2012,9990.00
5/11/2012,134.50
5/11/2012,1599.90
5/11/2012,2660.00
5/11/2012,1599.90
5/11/2012,295.00
5/11/2012,19110.00
5/11/2012,973.50
5/11/2012,2310.00
5/11/2012,8040.00
5/11/2012,6550.00
5/11/2012,500.00
5/11/2012,1980.00
5/11/2012,6200.00
5/11/2012,6990.00
5/11/2012,3499.50
5/11/2012,474.00
5/11/2012,2480.00
5/12/2012,5690.00
5/12/2012,144.94
5/12/2012,99.95
5/12/2012,5690.00
5/12/2012,126.60
5/12/2012,1969.00
5/12/2012,695.00
5/12/2012,1495.00
5/12/2012,269.90
5/12/2012,825.00
5/13/2012,1885.00
5/13/2012,1640.00
5/13/2012,300.00
5/13/2012,9990.00
5/13/2012,161.40
5/13/2012,3190.00
5/13/2012,1000.00
5/13/2012,4320.00
5/13/2012,3380.00
5/13/2012,4362.00
5/13/2012,3499.50
5/13/2012,15328.20
5/13/2012,169.90
5/13/2012,72.60
5/13/2012,4138.20
5/13/2012,10167.30
5/13/2012,1495.00
5/13/2012,1160.00
5/14/2012,1210.00
5/14/2012,2550.00
5/14/2012,84.50
5/14/2012,8500.00
5/14/2012,3299.25
5/14/2012,379.95
5/14/2012,208.65
5/14/2012,995.00
5/14/2012,4580.00
5/14/2012,4220.00
5/14/2012,1395.00
5/14/2012,1580.00
5/14/2012,3190.00
5/14/2012,2810.00
5/14/2012,189.75
5/14/2012,3580.00
5/14/2012,138.90
5/14/2012,23652.60
5/15/2012,2000.00
5/15/2012,474.00
5/15/2012,4600.00
5/15/2012,2990.00
5/15/2012,499.90
5/15/2012,8800.00
5/15/2012,3849.30
5/15/2012,10000.00
5/15/2012,3290.00
5/15/2012,950.00
5/15/2012,5890.00
5/15/2012,840.00
5/15/2012,2990.00
5/15/2012,4960.00
5/15/2012,15600.00
5/15/2012,645.00
5/15/2012,2360.00
5/15/2012,2000.00
5/15/2012,5000.00
5/15/2012,1560.00
5/15/2012,4362.00
5/15/2012,229.90
5/15/2012,3919.00
5/15/2012,5880.00
5/16/2012,1390.00
5/16/2012,279.00
5/16/2012,5680.00
5/16/2012,6020.00
5/16/2012,5124.00
5/16/2012,10148.00
5/16/2012,2300.00
5/16/2012,84.50
5/16/2012,899.70
5/16/2012,2800.00
5/16/2012,4777.23
5/16/2012,3123.90
5/16/2012,1999.50
5/16/2012,12000.00
5/16/2012,379.95
5/16/2012,1790.00
5/16/2012,2550.00
5/16/2012,390.00
5/16/2012,3990.00
5/16/2012,4220.00
5/16/2012,840.00
5/16/2012,4362.00
5/16/2012,574.20
5/16/2012,9990.00
5/17/2012,1349.50
5/17/2012,13980.00
5/17/2012,49.95
5/17/2012,1000.00
5/17/2012,275.00
5/17/2012,239.00
5/17/2012,1590.00
5/17/2012,9800.00
5/17/2012,4990.00
5/17/2012,414.00
5/17/2012,4799.70
5/17/2012,6330.00
5/17/2012,3829.50
5/17/2012,778.40
5/17/2012,2810.00
5/17/2012,1511.44
5/18/2012,2480.00
5/18/2012,429.90
5/18/2012,379.95
5/18/2012,113.05
5/18/2012,3300.00
5/18/2012,1869.00
5/18/2012,3381.30
5/18/2012,6040.00
5/18/2012,1960.00
5/18/2012,1668.00
5/18/2012,790.00
5/18/2012,299.95
5/18/2012,4110.00
5/18/2012,1999.50
5/18/2012,2680.00
5/18/2012,645.00
5/18/2012,420.00
5/18/2012,5980.00
5/18/2012,740.00
5/18/2012,65.00
5/19/2012,3280.00
5/19/2012,3190.00
5/19/2012,215.88
5/19/2012,6270.00
5/19/2012,67.50
5/19/2012,99.50
5/19/2012,250.00
5/19/2012,299.95
5/19/2012,749.75
5/19/2012,1599.90
5/19/2012,250.00
5/19/2012,4990.00
5/19/2012,34.75
5/19/2012,230.00
5/19/2012,6330.00
5/19/2012,1885.00
5/19/2012,1640.00
5/19/2012,128.45
5/20/2012,3080.00
5/20/2012,3290.00
5/20/2012,80.00
5/20/2012,3000.00
5/20/2012,545.00
5/20/2012,299.95
5/20/2012,49.95
5/20/2012,389.90
5/20/2012,4362.00
5/20/2012,395.00
5/20/2012,825.00
5/20/2012,239.00
5/20/2012,389.95
5/20/2012,695.00
5/20/2012,2899.90
5/20/2012,249.80
5/20/2012,3320.00
5/20/2012,1499.00
5/20/2012,64.75
5/20/2012,7580.00
5/21/2012,250.80
5/21/2012,1885.00
5/21/2012,749.75
5/21/2012,5880.00
5/21/2012,4800.00
5/21/2012,99.95
5/21/2012,474.00
5/21/2012,295.00
5/21/2012,2599.90
5/21/2012,509.90
5/21/2012,3800.00
5/21/2012,13173.30
5/21/2012,339.90
5/21/2012,637.94
5/21/2012,3290.00
5/21/2012,230.00
5/21/2012,22950.00
5/21/2012,2900.00
5/21/2012,3120.00
5/21/2012,198.00
5/22/2012,64.95
5/22/2012,3000.00
5/22/2012,2190.00
5/22/2012,9980.00
5/22/2012,509.90
5/22/2012,995.00
5/22/2012,2899.90
5/22/2012,3690.00
5/22/2012,179.90
5/22/2012,4290.00
5/22/2012,599.95
5/22/2012,420.00
5/22/2012,3380.00
5/22/2012,229.90
5/22/2012,299.95
5/22/2012,645.00
5/22/2012,6990.00
5/22/2012,220.00
5/22/2012,107.85
5/22/2012,4362.00
5/22/2012,220.00
5/22/2012,495.00
5/23/2012,249.95
5/23/2012,29970.00
5/23/2012,284.77
5/23/2012,4000.00
5/23/2012,695.00
5/23/2012,3499.50
5/23/2012,55.10
5/23/2012,1590.00
5/23/2012,2280.00
5/23/2012,8690.00
5/23/2012,545.00
5/23/2012,1510.00
5/23/2012,790.00
5/23/2012,9990.00
5/23/2012,1980.00
5/23/2012,1640.00
5/23/2012,359.90
5/23/2012,5568.00
5/23/2012,695.00
5/23/2012,4188.60
5/23/2012,6990.00
5/23/2012,1290.00
5/23/2012,790.00
5/23/2012,233.69
5/23/2012,1845.00
5/24/2012,64.95
5/24/2012,1499.50
5/24/2012,165.00
5/24/2012,5680.00
5/24/2012,161.12
5/24/2012,6370.00
5/24/2012,3320.00
5/24/2012,843.60
5/24/2012,900.00
5/24/2012,214.08
5/24/2012,189.75
5/24/2012,389.95
5/24/2012,2094.30
5/24/2012,1880.00
5/24/2012,179.90
5/24/2012,229.90
5/24/2012,228.90
5/24/2012,549.95
5/24/2012,3290.00
5/24/2012,49.95
5/24/2012,2670.00
5/25/2012,29970.00
5/25/2012,49.95
5/25/2012,1792.80
5/25/2012,250.00
5/25/2012,479.50
5/25/2012,499.90
5/25/2012,495.00
5/25/2012,495.00
5/25/2012,3980.00
5/25/2012,1640.00
5/25/2012,11600.00
5/25/2012,3000.00
5/25/2012,2900.00
5/25/2012,1180.00
5/25/2012,4220.00
5/25/2012,3690.00
5/25/2012,1590.00
5/26/2012,1190.00
5/26/2012,3090.00
5/26/2012,17200.00
5/26/2012,695.00
5/26/2012,29970.00
5/26/2012,2420.00
5/26/2012,179.90
5/26/2012,2680.00
5/26/2012,5690.00
5/26/2012,8580.00
5/26/2012,208.65
5/26/2012,2680.00
5/26/2012,3990.00
5/26/2012,17996.40
5/26/2012,3100.00
5/26/2012,337.00
5/26/2012,2237.20
5/26/2012,82.71
5/26/2012,1000.00
5/26/2012,510.00
5/26/2012,285.00
5/26/2012,1799.90
5/26/2012,1560.00
5/26/2012,406.00
5/26/2012,295.00
5/26/2012,1495.00
5/27/2012,4820.00
5/27/2012,5660.00
5/27/2012,1345.00
5/27/2012,126.60
5/27/2012,3080.00
5/27/2012,645.00
5/27/2012,3990.00
5/27/2012,124.95
5/27/2012,9640.00
5/27/2012,4512.40
5/27/2012,140.00
5/27/2012,4804.22
5/27/2012,220.00
5/27/2012,549.95
5/27/2012,1295.00
5/27/2012,59.50
5/27/2012,1960.00
5/27/2012,299.00
5/27/2012,4600.00
5/27/2012,549.95
5/28/2012,295.00
5/28/2012,2599.90
5/28/2012,1980.00
5/28/2012,184.95
5/28/2012,2680.00
5/28/2012,57.50
5/28/2012,59.50
5/28/2012,740.00
5/28/2012,1869.00
5/28/2012,1560.00
5/28/2012,3010.00
5/28/2012,6550.00
5/28/2012,389.95
5/28/2012,9990.00
5/28/2012,2900.00
5/28/2012,335.00
5/29/2012,8700.00
5/29/2012,4090.00
5/29/2012,6440.00
5/29/2012,4090.00
5/29/2012,2599.90
5/29/2012,310.00
5/29/2012,126.60
5/29/2012,17640.00
5/29/2012,3690.00
5/29/2012,64.75
5/29/2012,1295.00
5/29/2012,568.80
5/29/2012,3990.00
5/29/2012,1090.00
5/29/2012,4320.00
5/29/2012,3829.50
5/29/2012,11070.00
5/29/2012,6990.00
5/29/2012,1190.00
5/29/2012,1969.00
5/29/2012,3627.00
5/29/2012,2899.90
5/29/2012,2930.00
5/30/2012,134.50
5/30/2012,6890.00
5/30/2012,4362.00
5/30/2012,690.00
5/30/2012,3080.00
5/30/2012,825.00
5/30/2012,266.80
5/30/2012,34.75
5/30/2012,3816.40
5/30/2012,18792.00
5/30/2012,1880.00
5/30/2012,1499.00
5/30/2012,4220.00
5/30/2012,199.80
5/31/2012,890.00
5/31/2012,284.50
5/31/2012,4990.00
5/31/2012,8961.03
5/31/2012,77.50
5/31/2012,84.95
5/31/2012,695.00
5/31/2012,3680.00
5/31/2012,3190.00
5/31/2012,9990.00
5/31/2012,2990.00
5/31/2012,4990.00
5/31/2012,3180.00
5/31/2012,2499.00
5/31/2012,250.00
5/31/2012,463.98
5/31/2012,2899.90
5/31/2012,3568.81
5/31/2012,2380.00
5/31/2012,549.95
5/31/2012,236.81
5/31/2012,6450.00
5/31/2012,740.00
5/31/2012,337.00
5/31/2012,1390.00
5/31/2012,2290.00
6/1/2012,1845.00
6/1/2012,3915.11
6/1/2012,379.95
6/1/2012,7160.00
6/1/2012,2810.00
6/1/2012,2090.00
6/1/2012,220.00
6/1/2012,1470.00
6/1/2012,5799.80
6/1/2012,20600.00
6/1/2012,5880.00
6/1/2012,67.50
6/1/2012,1180.00
6/1/2012,299.00
6/1/2012,1195.80
6/1/2012,850.00
6/1/2012,70.21
6/1/2012,10000.00
6/1/2012,6856.20
6/1/2012,6460.00
6/1/2012,695.00
6/1/2012,169.90
6/1/2012,5190.78
6/1/2012,1880.00
6/1/2012,5880.00
6/1/2012,1495.00
6/2/2012,567.85
6/2/2012,442.40
6/2/2012,1790.00
6/2/2012,2930.00
6/2/2012,228.90
6/2/2012,1969.00
6/2/2012,896.00
6/2/2012,14070.00
6/2/2012,876.20
6/2/2012,12990.00
6/2/2012,1960.00
6/2/2012,6990.00
6/2/2012,591.48
6/2/2012,67.50
6/2/2012,4990.00
6/2/2012,1845.00
6/2/2012,4362.00
6/2/2012,229.90
6/2/2012,359.90
6/2/2012,11070.00
6/2/2012,1295.00
6/2/2012,249.80
6/2/2012,11410.60
6/2/2012,3320.00
6/3/2012,77.50
6/3/2012,568.33
6/3/2012,5707.20
6/3/2012,1809.60
6/3/2012,126.60
6/3/2012,3080.00
6/3/2012,237.86
6/3/2012,47.50
6/3/2012,15206.40
6/3/2012,299.95
6/3/2012,126.60
6/3/2012,717.00
6/3/2012,460.14
6/3/2012,2670.00
6/3/2012,80.00
6/3/2012,3984.00
6/3/2012,345.00
6/3/2012,3290.00
6/3/2012,474.00
6/3/2012,8600.00
6/3/2012,3635.00
6/3/2012,2930.00
6/3/2012,1064.00
6/3/2012,2300.00
6/4/2012,4020.00
6/4/2012,330.00
6/4/2012,3015.88
6/4/2012,10294.83
6/4/2012,3162.40
6/4/2012,10200.00
6/4/2012,1137.13
6/4/2012,7461.30
6/4/2012,3915.11
6/4/2012,3372.00
6/4/2012,939.80
6/4/2012,606.78
6/4/2012,4224.40
6/4/2012,3915.10
6/4/2012,1548.00
6/4/2012,3204.00
6/4/2012,2433.60
6/4/2012,84.50
6/4/2012,339.18
6/4/2012,246.21
6/4/2012,2760.00
6/4/2012,7485.10
6/4/2012,337.00
6/4/2012,3290.00
6/4/2012,200.48
6/5/2012,3627.00
6/5/2012,960.00
6/5/2012,4849.80
6/5/2012,58.94
6/5/2012,7764.40
6/5/2012,474.00
6/5/2012,269.88
6/5/2012,159.00
6/5/2012,70.95
6/5/2012,10490.20
6/5/2012,1947.00
6/5/2012,3479.88
6/5/2012,834.00
6/5/2012,645.00
6/5/2012,199.50
6/5/2012,683.94
6/6/2012,8178.30
6/6/2012,1102.00
6/6/2012,9800.00
6/6/2012,1778.40
6/6/2012,3398.80
6/6/2012,2690.40
6/6/2012,4188.60
6/6/2012,6771.10
6/6/2012,491.40
6/6/2012,18954.00
6/6/2012,9828.00
6/6/2012,292.50
6/6/2012,834.00
6/6/2012,74.04
6/6/2012,2296.80
6/6/2012,337.00
6/6/2012,3299.25
6/7/2012,3421.88
6/7/2012,1734.20
6/7/2012,2159.88
6/7/2012,778.40
6/7/2012,341.40
6/7/2012,2983.50
6/7/2012,463.88
6/7/2012,2224.30
6/7/2012,1794.00
6/7/2012,2028.00
6/7/2012,6378.40
6/7/2012,3600.00
6/7/2012,4022.20
6/7/2012,440.74
6/7/2012,3612.00
6/7/2012,2159.88
6/7/2012,2087.88
6/8/2012,1747.20
6/8/2012,75.11
6/8/2012,154.14
6/8/2012,3372.00
6/8/2012,6828.00
6/8/2012,4770.00
6/8/2012,5592.64
6/8/2012,149.39
6/8/2012,1793.60
6/8/2012,1200.00
6/8/2012,4805.00
6/8/2012,11976.00
6/8/2012,196.35
6/8/2012,3720.00
6/8/2012,5760.00
6/9/2012,735.30
6/9/2012,4512.40
6/9/2012,2280.00
6/9/2012,17846.43
6/9/2012,250.38
6/9/2012,1880.00
6/9/2012,1560.20
6/9/2012,1680.00
6/9/2012,268.98
6/9/2012,594.00
6/9/2012,4094.42
6/9/2012,2177.10
6/9/2012,8318.10
6/9/2012,486.39
6/9/2012,11460.80
6/9/2012,2400.00
6/9/2012,59.50
6/10/2012,17996.40
6/10/2012,243.54
6/10/2012,1890.80
6/10/2012,295.00
6/10/2012,1880.00
6/10/2012,3421.88
6/10/2012,249.80
6/10/2012,2256.00
6/10/2012,64.95
6/10/2012,986.00
6/10/2012,5000.00
6/10/2012,2725.80
6/10/2012,1562.40
6/10/2012,267.81
6/10/2012,7596.00
6/11/2012,6816.00
6/11/2012,154.14
6/11/2012,4805.00
6/11/2012,10490.20
6/11/2012,84.50
6/11/2012,5234.40
6/11/2012,8199.10
6/11/2012,7863.10
6/11/2012,2180.80
6/11/2012,414.00
6/11/2012,2280.00
6/11/2012,406.00
6/11/2012,299.94
6/11/2012,239.00
6/11/2012,3580.00
6/11/2012,3070.20
6/11/2012,1506.40
6/12/2012,10468.80
6/12/2012,76.95
6/12/2012,6816.00
6/12/2012,78.30
6/12/2012,8868.60
6/12/2012,3588.00
6/12/2012,7596.00
6/12/2012,950.00
6/12/2012,806.20
6/12/2012,11888.10
6/12/2012,6849.30
6/12/2012,215.88
6/12/2012,7406.10
6/12/2012,9190.80
6/12/2012,2168.04
6/12/2012,10320.00
6/12/2012,449.82
6/12/2012,199.50
6/13/2012,11788.20
6/13/2012,1840.80
6/13/2012,3680.00
6/13/2012,1194.00
6/13/2012,2223.00
6/13/2012,1794.00
6/13/2012,210.48
6/13/2012,169.95
6/13/2012,72.74
6/13/2012,2832.00
6/13/2012,5573.80
6/13/2012,3290.00
6/13/2012,834.00
6/13/2012,774.00
6/13/2012,2900.00
6/13/2012,7941.40
6/13/2012,467.94
6/13/2012,7009.64
6/13/2012,825.00
6/13/2012,3372.00
6/14/2012,6960.00
6/14/2012,820.10
6/14/2012,552.00
6/14/2012,165.00
6/14/2012,298.78
6/14/2012,121.57
6/14/2012,564.30
6/14/2012,3599.80
6/14/2012,8800.00
6/14/2012,3558.10
6/14/2012,134.50
6/14/2012,4832.11
6/14/2012,289.10
6/14/2012,499.80
6/14/2012,5105.10
6/14/2012,7524.00
6/14/2012,10401.30
6/14/2012,7406.10
6/14/2012,7068.20
6/14/2012,4152.80
6/15/2012,2159.88
6/15/2012,16426.50
6/15/2012,2218.40
6/15/2012,162.00
6/15/2012,9990.00
6/15/2012,4800.00
6/15/2012,1368.80
6/15/2012,4808.70
6/15/2012,957.00
6/15/2012,4379.20
6/15/2012,6860.00
6/15/2012,2242.80
6/16/2012,389.95
6/16/2012,11368.00
6/16/2012,5639.64
6/16/2012,250.80
6/16/2012,7469.40
6/16/2012,912.37
6/16/2012,1114.40
6/16/2012,220.00
6/16/2012,549.78
6/17/2012,17901.00
6/17/2012,59.50
6/17/2012,26851.50
6/17/2012,1290.00
6/17/2012,3990.00
6/17/2012,3204.00
6/17/2012,695.00
6/17/2012,1140.00
6/17/2012,1368.80
6/17/2012,1591.20
6/17/2012,151.92
6/17/2012,944.00
6/17/2012,1795.80
6/17/2012,3090.00
6/17/2012,266.68
6/18/2012,3920.80
6/18/2012,8388.00
6/18/2012,4319.76
6/18/2012,347.88
6/18/2012,341.94
6/18/2012,3849.30
6/18/2012,957.00
6/18/2012,3895.70
6/18/2012,2080.00
6/18/2012,2256.00
6/18/2012,2214.00
6/18/2012,1137.60
6/18/2012,735.30
6/18/2012,2000.00
6/18/2012,2480.00
6/18/2012,2475.20
6/18/2012,101.94
6/19/2012,404.40
6/19/2012,70.95
6/19/2012,26851.50
6/19/2012,329.22
6/19/2012,3480.00
6/19/2012,4783.80
6/19/2012,4743.60
6/19/2012,6820.80
6/19/2012,91.45
6/19/2012,3204.00
6/19/2012,2262.00
6/19/2012,404.40
6/19/2012,1887.88
6/19/2012,1452.00
6/19/2012,251.94
6/19/2012,1565.42
6/19/2012,414.00
6/19/2012,243.54
6/19/2012,118.88
6/19/2012,1980.00
6/19/2012,5437.11
6/20/2012,466.08
6/20/2012,266.80
6/20/2012,266.80
6/20/2012,18324.24
6/20/2012,168.00
6/20/2012,429.90
6/20/2012,542.49
6/20/2012,940.00
6/20/2012,239.00
6/20/2012,428.28
6/20/2012,23376.60
6/20/2012,1554.00
6/20/2012,3480.00
6/20/2012,8388.00
6/20/2012,18792.00
6/20/2012,7611.00
6/20/2012,27310.50
6/20/2012,3216.00
6/20/2012,150.64
6/21/2012,3393.00
6/21/2012,3816.40
6/21/2012,428.28
6/21/2012,57.00
6/21/2012,7068.00
6/21/2012,399.90
6/21/2012,474.00
6/21/2012,134.50
6/21/2012,300.00
6/21/2012,3775.76
6/21/2012,3588.00
6/22/2012,4354.20
6/22/2012,969.00
6/22/2012,4890.00
6/22/2012,645.00
6/22/2012,2690.40
6/22/2012,4442.22
6/22/2012,2660.00
6/22/2012,399.90
6/22/2012,1872.00
6/22/2012,6759.20
6/22/2012,190.80
6/22/2012,284.20
6/22/2012,1872.00
6/23/2012,3984.00
6/23/2012,2679.60
6/23/2012,4047.40
6/23/2012,4069.23
6/23/2012,924.00
6/23/2012,289.90
6/23/2012,250.38
6/23/2012,774.00
6/23/2012,3915.10
6/23/2012,3428.10
6/23/2012,235.41
6/23/2012,28988.40
6/23/2012,3299.25
6/23/2012,3948.00
6/23/2012,389.90
6/23/2012,849.95
6/23/2012,2748.00
6/23/2012,76.64
6/23/2012,486.39
6/23/2012,5234.40
6/23/2012,957.00
6/23/2012,790.00
6/23/2012,1357.20
6/24/2012,7440.00
6/24/2012,161.12
6/24/2012,18486.00
6/24/2012,2772.00
6/24/2012,352.80
6/24/2012,4115.21
6/24/2012,4260.20
6/24/2012,7068.20
6/24/2012,896.89
6/24/2012,928.00
6/24/2012,2166.00
6/24/2012,6816.00
6/24/2012,1969.00
6/24/2012,2990.00
6/24/2012,114.00
6/24/2012,20112.00
6/24/2012,3157.83
6/25/2012,3990.00
6/25/2012,2214.00
6/25/2012,5338.22
6/25/2012,1050.20
6/25/2012,645.00
6/25/2012,2224.11
6/25/2012,404.40
6/25/2012,3627.00
6/25/2012,11976.00
6/25/2012,549.95
6/25/2012,345.00
6/25/2012,229.90
6/25/2012,3228.00
6/25/2012,3732.30
6/25/2012,626.94
6/25/2012,64.95
6/26/2012,820.10
6/26/2012,29488.20
6/26/2012,1869.60
6/26/2012,6890.00
6/26/2012,404.40
6/26/2012,2190.00
6/26/2012,209.60
6/26/2012,1019.94
6/26/2012,3581.90
6/26/2012,1845.00
6/26/2012,4048.50
6/26/2012,115.42
6/26/2012,313.50
6/26/2012,5938.10
6/26/2012,599.95
6/26/2012,59.50
6/27/2012,4442.22
6/27/2012,119.94
6/27/2012,5669.90
6/27/2012,14376.00
6/27/2012,2000.00
6/27/2012,3915.10
6/27/2012,1319.88
6/27/2012,825.00
6/28/2012,6200.00
6/28/2012,2992.30
6/28/2012,2901.60
6/28/2012,2832.00
6/28/2012,10000.00
6/28/2012,10579.10
6/28/2012,128.45
6/28/2012,8944.40
6/28/2012,1390.00
6/28/2012,594.88
6/28/2012,1345.60
6/28/2012,215.88
6/28/2012,3915.11
6/28/2012,5988.00
6/28/2012,167.44
6/28/2012,100.24
6/29/2012,2930.00
6/29/2012,5760.00
6/29/2012,359.90
6/29/2012,843.60
6/29/2012,7644.00
6/29/2012,1428.00
6/29/2012,4800.00
6/29/2012,174.24
6/29/2012,1194.00
6/29/2012,196.35
6/29/2012,274.40
6/29/2012,99.90
6/29/2012,3563.60
6/30/2012,273.32
6/30/2012,508.20
6/30/2012,5890.00
6/30/2012,1570.00
6/30/2012,8248.20
6/30/2012,761.10
6/30/2012,564.30
6/30/2012,3600.00
6/30/2012,414.00
6/30/2012,1495.00
6/30/2012,9990.00
6/30/2012,3123.90
6/30/2012,17700.00
6/30/2012,249.80
7/1/2012,2290.00
7/1/2012,1935.00
7/1/2012,83.40
7/1/2012,268.98
7/1/2012,2496.00
7/1/2012,564.30
7/1/2012,243.30
7/1/2012,3480.00
7/1/2012,1044.00
7/1/2012,1900.00
7/1/2012,162.40
7/1/2012,3000.00
7/1/2012,85.14
7/1/2012,390.00
7/1/2012,1427.80
7/1/2012,2328.30
7/1/2012,129.42
7/1/2012,3090.00
7/1/2012,18252.00
7/1/2012,7440.00
7/2/2012,23500.00
7/2/2012,300.00
7/2/2012,13247.10
7/2/2012,2190.00
7/2/2012,2224.30
7/2/2012,2280.00
7/2/2012,509.90
7/2/2012,695.00
7/2/2012,1556.80
7/2/2012,10056.00
7/2/2012,2085.00
7/2/2012,5766.00
7/2/2012,3290.00
7/2/2012,2656.40
7/2/2012,4110.00
7/3/2012,19350.00
7/3/2012,3480.00
7/3/2012,30090.00
7/3/2012,645.00
7/3/2012,888.00
7/3/2012,289.77
7/3/2012,1502.20
7/3/2012,1452.00
7/3/2012,15068.40
7/4/2012,447.01
7/4/2012,2080.00
7/4/2012,27310.50
7/4/2012,3893.12
7/4/2012,389.90
7/4/2012,1483.50
7/4/2012,5760.00
7/4/2012,1860.30
7/4/2012,2599.90
7/4/2012,7188.00
7/4/2012,5680.00
7/4/2012,57.00
7/4/2012,3450.88
7/4/2012,6450.00
7/5/2012,96.33
7/5/2012,590.00
7/5/2012,127.50
7/5/2012,3138.80
7/5/2012,353.94
7/5/2012,4867.10
7/5/2012,140.00
7/5/2012,4444.70
7/5/2012,389.40
7/5/2012,2143.20
7/5/2012,3186.20
7/5/2012,31737.30
7/5/2012,6201.00
7/5/2012,735.30
7/5/2012,2300.00
7/5/2012,396.00
7/5/2012,3591.00
7/5/2012,1778.40
7/6/2012,643.10
7/6/2012,323.88
7/6/2012,3658.00
7/6/2012,8248.20
7/6/2012,5151.40
7/6/2012,267.81
7/6/2012,199.50
7/6/2012,176.00
7/6/2012,237.86
7/6/2012,57.94
7/6/2012,4546.04
7/6/2012,434.91
7/6/2012,12232.50
7/6/2012,873.20
7/6/2012,1213.60
7/6/2012,1764.10
7/6/2012,3500.99
7/6/2012,197.14
7/6/2012,8190.00
7/6/2012,584.10
7/7/2012,1660.50
7/7/2012,347.94
7/7/2012,59.94
7/7/2012,1869.00
7/7/2012,203.94
7/7/2012,37280.00
7/7/2012,1308.92
7/7/2012,30916.20
7/7/2012,227.43
7/7/2012,499.90
7/7/2012,1734.20
7/7/2012,696.20
7/7/2012,3500.99
7/7/2012,1836.80
7/7/2012,7080.00
7/7/2012,849.95
7/7/2012,296.40
7/7/2012,3690.00
7/8/2012,75.40
7/8/2012,1194.00
7/8/2012,495.00
7/8/2012,1902.40
7/8/2012,299.76
7/8/2012,2748.00
7/8/2012,756.20
7/8/2012,7398.60
7/8/2012,7764.24
7/8/2012,2657.60
7/8/2012,46.00
7/8/2012,261.80
7/8/2012,2352.00
7/8/2012,5535.20
7/8/2012,4679.74
7/8/2012,1635.60
7/8/2012,4824.00
7/8/2012,2412.80
7/9/2012,1499.50
7/9/2012,5183.20
7/9/2012,66.26
7/9/2012,123.66
7/9/2012,6588.80
7/9/2012,5190.78
7/9/2012,611.88
7/9/2012,113.94
7/9/2012,3150.60
7/9/2012,6990.00
7/9/2012,1199.60
7/9/2012,820.10
7/9/2012,395.00
7/9/2012,239.94
7/9/2012,792.30
7/9/2012,75.60
7/10/2012,269.90
7/10/2012,284.20
7/10/2012,150.64
7/10/2012,227.96
7/10/2012,5140.80
7/10/2012,6792.00
7/10/2012,2130.10
7/10/2012,7532.70
7/10/2012,10602.30
7/10/2012,2709.00
7/10/2012,498.68
7/10/2012,566.90
7/10/2012,466.10
7/10/2012,52.50
7/10/2012,1166.10
7/11/2012,389.91
7/11/2012,5814.00
7/11/2012,279.78
7/11/2012,1076.00
7/11/2012,2899.90
7/11/2012,1960.80
7/11/2012,294.00
7/11/2012,2810.00
7/11/2012,4290.00
7/11/2012,2656.40
7/11/2012,1538.43
7/11/2012,5555.60
7/11/2012,17996.40
7/12/2012,6672.00
7/12/2012,62.86
7/12/2012,748.20
7/12/2012,2270.40
7/12/2012,5561.60
7/12/2012,1292.10
7/12/2012,7611.00
7/12/2012,3498.30
7/12/2012,2310.00
7/12/2012,5473.10
7/12/2012,3041.88
7/12/2012,2690.40
7/12/2012,3177.30
7/12/2012,282.02
7/12/2012,74.10
7/12/2012,3162.40
7/12/2012,210.48
7/12/2012,6270.00
7/12/2012,335.71
7/13/2012,5591.20
7/13/2012,695.00
7/13/2012,2644.80
7/13/2012,1496.40
7/13/2012,761.10
7/13/2012,120.84
7/13/2012,4479.57
7/13/2012,1425.00
7/13/2012,2154.50
7/13/2012,5605.60
7/13/2012,1120.00
7/13/2012,436.00
7/13/2012,77.55
7/13/2012,13397.32
7/13/2012,940.80
7/13/2012,7008.30
7/13/2012,1499.00
7/13/2012,229.90
7/13/2012,202.75
7/13/2012,4341.30
7/14/2012,2759.00
7/14/2012,7273.20
7/14/2012,5054.40
7/14/2012,6718.89
7/14/2012,1591.20
7/14/2012,200.01
7/14/2012,8600.00
7/14/2012,3941.20
7/14/2012,2690.00
7/14/2012,1440.00
7/14/2012,200.48
7/14/2012,4523.83
7/14/2012,2195.55
7/14/2012,3988.40
7/14/2012,146.43
7/14/2012,150.45
7/14/2012,3457.40
7/14/2012,67.50
7/14/2012,7821.00
7/15/2012,204.84
7/15/2012,3533.40
7/15/2012,581.40
7/15/2012,12459.30
7/15/2012,11780.00
7/15/2012,3572.80
7/15/2012,443.96
7/15/2012,3950.80
7/15/2012,13284.00
7/15/2012,3457.20
7/15/2012,1174.10
7/15/2012,2628.00
7/15/2012,11171.40
7/15/2012,231.42
7/15/2012,16398.20
7/15/2012,7056.00
7/16/2012,1704.30
7/16/2012,426.75
7/16/2012,126.60
7/16/2012,940.50
7/16/2012,11760.00
7/16/2012,139.94
7/16/2012,495.00
7/16/2012,3590.76
7/16/2012,820.10
7/16/2012,645.00
7/16/2012,4410.84
7/16/2012,275.88
7/16/2012,2385.20
7/16/2012,3471.30
7/17/2012,6081.30
7/17/2012,3189.20
7/17/2012,1980.00
7/17/2012,464.40
7/17/2012,1496.40
7/17/2012,3131.42
7/17/2012,2316.60
7/17/2012,64.95
7/17/2012,3290.00
7/17/2012,129.90
7/17/2012,4849.80
7/17/2012,792.30
7/17/2012,1860.30
7/17/2012,8560.00
7/17/2012,3948.00
7/18/2012,1120.00
7/18/2012,248.40
7/18/2012,5474.00
7/18/2012,774.00
7/18/2012,11688.30
7/18/2012,399.00
7/18/2012,59.94
7/18/2012,3732.30
7/18/2012,258.32
7/18/2012,2190.00
7/18/2012,1522.20
7/18/2012,1635.60
7/18/2012,3044.57
7/18/2012,59.94
7/18/2012,75.92
7/18/2012,5011.20
7/18/2012,795.32
7/18/2012,4047.40
7/18/2012,10579.00
7/18/2012,15065.40
7/18/2012,3479.88
7/19/2012,1109.40
7/19/2012,57.50
7/19/2012,1383.30
7/19/2012,345.00
7/19/2012,149.00
7/19/2012,3915.10
7/19/2012,2244.60
7/19/2012,320.31
7/19/2012,2290.00
7/20/2012,5147.16
7/20/2012,4696.40
7/20/2012,96.84
7/20/2012,1825.60
7/20/2012,1570.70
7/20/2012,3528.20
7/20/2012,3980.00
7/20/2012,3364.00
7/20/2012,1083.00
7/20/2012,17896.42
7/20/2012,2358.40
7/20/2012,460.08
7/20/2012,232.11
7/21/2012,6890.00
7/21/2012,3937.11
7/21/2012,6020.00
7/21/2012,8161.45
7/21/2012,1284.84
7/21/2012,251.94
7/21/2012,2268.00
7/21/2012,2693.07
7/21/2012,303.96
7/21/2012,5103.54
7/21/2012,2293.20
7/21/2012,229.90
7/21/2012,3189.20
7/21/2012,240.21
7/21/2012,49.95
7/21/2012,4493.20
7/21/2012,229.90
7/21/2012,193.05
7/22/2012,1050.20
7/22/2012,1499.50
7/22/2012,3290.00
7/22/2012,289.77
7/22/2012,1885.00
7/22/2012,56.94
7/22/2012,67.50
7/22/2012,2157.60
7/22/2012,1980.00
7/22/2012,6999.00
7/22/2012,11600.00
7/22/2012,733.20
7/22/2012,16743.30
7/22/2012,6291.00
7/22/2012,5639.40
7/22/2012,6890.00
7/22/2012,852.96
7/22/2012,7654.00
7/22/2012,8496.80
7/22/2012,2656.40
7/22/2012,79.50
7/22/2012,71.96
7/22/2012,5620.00
7/23/2012,215.88
7/23/2012,6938.40
7/23/2012,646.00
7/23/2012,1521.00
7/23/2012,1510.11
7/23/2012,516.00
7/23/2012,4890.90
7/23/2012,18486.00
7/23/2012,7618.40
7/23/2012,11888.10
7/23/2012,8001.00
7/23/2012,151.21
7/23/2012,545.00
7/23/2012,13136.40
7/23/2012,3849.30
7/24/2012,8624.00
7/24/2012,20655.00
7/24/2012,695.00
7/24/2012,3627.00
7/24/2012,5280.00
7/24/2012,112.89
7/24/2012,6622.20
7/24/2012,5520.00
7/24/2012,3690.00
7/24/2012,2088.00
7/24/2012,2775.30
7/25/2012,9064.00
7/25/2012,300.00
7/25/2012,3471.07
7/25/2012,1880.00
7/25/2012,7734.30
7/25/2012,2737.00
7/25/2012,7663.50
7/25/2012,8526.00
7/25/2012,1000.00
7/25/2012,2356.20
7/25/2012,3984.00
7/26/2012,695.00
7/26/2012,57.50
7/26/2012,2810.00
7/26/2012,6792.00
7/26/2012,312.00
7/26/2012,7020.00
7/26/2012,3690.00
7/26/2012,10425.18
7/26/2012,3112.20
7/26/2012,3796.10
7/26/2012,1014.56
7/26/2012,1115.10
7/26/2012,5616.00
7/26/2012,2610.00
7/26/2012,8591.40
7/27/2012,6291.00
7/27/2012,49.95
7/27/2012,928.00
7/27/2012,215.88
7/27/2012,76.41
7/27/2012,5147.16
7/27/2012,460.20
7/27/2012,13437.78
7/27/2012,2514.30
7/27/2012,2648.80
7/27/2012,8001.00
7/27/2012,295.00
7/27/2012,1194.00
7/27/2012,3384.00
7/27/2012,324.80
7/27/2012,351.91
7/27/2012,4778.12
7/27/2012,809.20
7/27/2012,72.80
7/27/2012,329.22
7/27/2012,438.10
7/27/2012,1872.00
7/28/2012,235.19
7/28/2012,296.36
7/28/2012,3287.70
7/28/2012,1575.20
7/28/2012,8178.30
7/28/2012,2784.80
7/28/2012,1194.00
7/28/2012,3479.88
7/28/2012,4797.00
7/28/2012,3290.00
7/28/2012,10401.30
7/28/2012,111.94
7/28/2012,2562.30
7/28/2012,500.40
7/28/2012,2691.00
7/28/2012,1533.30
7/28/2012,59.94
7/28/2012,599.88
7/29/2012,223.91
7/29/2012,3247.88
7/29/2012,3400.92
7/29/2012,77.94
7/29/2012,5888.20
7/29/2012,1591.20
7/29/2012,212.28
7/29/2012,1071.60
7/29/2012,11588.40
7/29/2012,468.00
7/29/2012,2290.00
7/29/2012,2631.20
7/29/2012,3558.10
7/29/2012,117.88
7/29/2012,2224.30
7/30/2012,6221.10
7/30/2012,2895.20
7/30/2012,97.46
7/30/2012,3380.00
7/30/2012,738.62
7/30/2012,1590.00
7/30/2012,2360.00
7/30/2012,250.00
7/30/2012,3700.40
7/30/2012,1286.20
7/30/2012,89.04
7/30/2012,1742.40
7/30/2012,695.94
7/30/2012,1674.40
7/30/2012,3372.00
7/30/2012,262.20
7/30/2012,252.21
7/30/2012,3591.00
7/30/2012,4260.20
7/30/2012,65.55
7/30/2012,17550.00
7/30/2012,286.80
7/30/2012,290.00
7/31/2012,56.94
7/31/2012,1892.10
7/31/2012,153.40
7/31/2012,1533.30
7/31/2012,40.31
7/31/2012,7200.00
7/31/2012,5360.00
7/31/2012,558.00
7/31/2012,828.80
7/31/2012,297.50
7/31/2012,995.00
7/31/2012,711.00
7/31/2012,235.41
7/31/2012,4663.20
7/31/2012,2562.30
7/31/2012,1845.00
7/31/2012,3491.60
7/31/2012,5059.92
7/31/2012,269.10
7/31/2012,4128.00
7/31/2012,2644.80
7/31/2012,158.15
8/1/2012,1264.89
8/1/2012,4549.83
8/1/2012,990.00
8/1/2012,7912.10
8/1/2012,264.00
8/1/2012,671.94
8/1/2012,274.68
8/1/2012,4094.42
8/1/2012,2775.30
8/1/2012,3616.80
8/1/2012,21264.50
8/1/2012,3090.00
8/2/2012,216.22
8/2/2012,3584.40
8/2/2012,59.94
8/2/2012,20592.00
8/2/2012,5019.30
8/2/2012,510.00
8/2/2012,4128.00
8/2/2012,2736.00
8/2/2012,1404.20
8/2/2012,2205.42
8/2/2012,4481.10
8/2/2012,49.36
8/2/2012,6990.00
8/2/2012,5000.00
8/2/2012,4797.00
8/3/2012,72.60
8/3/2012,38.96
8/3/2012,1969.40
8/3/2012,4106.40
8/3/2012,10062.00
8/3/2012,4748.10
8/3/2012,6291.00
8/3/2012,2637.00
8/3/2012,30526.50
8/3/2012,800.00
8/3/2012,649.19
8/3/2012,169.95
8/3/2012,11876.20
8/3/2012,2280.00
8/3/2012,4342.40
8/4/2012,3925.80
8/4/2012,1004.40
8/4/2012,1999.50
8/4/2012,143.86
8/4/2012,1719.90
8/4/2012,695.00
8/4/2012,3588.00
8/4/2012,6588.80
8/4/2012,3650.40
8/4/2012,2047.00
8/4/2012,3114.60
8/4/2012,3167.82
8/4/2012,14070.00
8/4/2012,722.40
8/5/2012,8318.10
8/5/2012,5081.30
8/5/2012,16743.30
8/5/2012,6580.00
8/5/2012,7461.30
8/5/2012,5019.30
8/5/2012,4560.00
8/5/2012,59.50
8/5/2012,3093.88
8/6/2012,1459.57
8/6/2012,1292.10
8/6/2012,2699.00
8/6/2012,599.95
8/6/2012,2580.00
8/6/2012,12522.30
8/6/2012,169.95
8/6/2012,227.08
8/6/2012,337.00
8/6/2012,3275.88
8/6/2012,302.33
8/6/2012,55.94
8/6/2012,3882.20
8/7/2012,13210.20
8/7/2012,11788.20
8/7/2012,16730.93
8/7/2012,300.00
8/7/2012,512.58
8/7/2012,276.00
8/7/2012,153.33
8/7/2012,1033.92
8/7/2012,1790.00
8/7/2012,478.80
8/7/2012,1383.30
8/7/2012,407.76
8/7/2012,1871.88
8/7/2012,13136.40
8/7/2012,295.00
8/7/2012,2290.00
8/8/2012,521.42
8/8/2012,1978.00
8/8/2012,197.14
8/8/2012,2052.00
8/8/2012,229.90
8/8/2012,3567.00
8/8/2012,440.74
8/8/2012,1391.88
8/8/2012,1821.20
8/8/2012,170.43
8/9/2012,7497.50
8/9/2012,2385.20
8/9/2012,1279.20
8/9/2012,2810.00
8/9/2012,10502.00
8/9/2012,57.35
8/9/2012,474.00
8/9/2012,2990.00
8/9/2012,4990.00
8/9/2012,7729.00
8/9/2012,458.20
8/9/2012,77.70
8/9/2012,4400.00
8/9/2012,3689.00
8/9/2012,2713.20
8/9/2012,3422.00
8/9/2012,5292.00
8/9/2012,1702.80
8/9/2012,255.11
8/9/2012,5358.00
8/10/2012,10167.30
8/10/2012,5828.00
8/10/2012,12915.00
8/10/2012,3530.91
8/10/2012,81.74
8/10/2012,436.74
8/10/2012,1395.00
8/10/2012,2748.00
8/10/2012,2496.60
8/10/2012,1702.80
8/10/2012,249.80
8/10/2012,365.80
8/10/2012,127.50
8/10/2012,231.14
8/10/2012,8932.10
8/10/2012,6815.00
8/11/2012,1790.00
8/11/2012,463.98
8/11/2012,4362.00
8/11/2012,2628.00
8/11/2012,4160.00
8/11/2012,5788.40
8/11/2012,568.80
8/11/2012,2988.80
8/11/2012,270.10
8/11/2012,3580.00
8/11/2012,950.00
8/11/2012,126.60
8/11/2012,81.97
8/11/2012,111.44
8/11/2012,271.28
8/12/2012,928.00
8/12/2012,2204.00
8/12/2012,26794.64
8/12/2012,1392.00
8/12/2012,199.50
8/12/2012,542.10
8/12/2012,2760.00
8/12/2012,366.30
8/12/2012,417.48
8/12/2012,3363.88
8/12/2012,200.10
8/12/2012,76.64
8/12/2012,3925.80
8/13/2012,1395.00
8/13/2012,2580.00
8/13/2012,396.00
8/13/2012,55.94
8/13/2012,57.72
8/13/2012,16496.40
8/13/2012,3570.00
8/13/2012,180.60
8/13/2012,424.68
8/13/2012,91.80
8/13/2012,20655.00
8/13/2012,495.00
8/13/2012,4744.40
8/13/2012,3393.00
8/13/2012,774.00
8/14/2012,6151.20
8/14/2012,20765.64
8/14/2012,153.33
8/14/2012,3216.00
8/14/2012,1548.00
8/14/2012,2143.20
8/14/2012,2702.70
8/14/2012,345.00
8/14/2012,431.88
8/14/2012,264.00
8/14/2012,18792.00
8/14/2012,2400.00
8/14/2012,13247.10
8/14/2012,5850.00
8/14/2012,147.96
8/14/2012,1140.00
8/14/2012,5987.60
8/14/2012,18408.00
8/14/2012,11688.30
8/14/2012,39.62
8/14/2012,1134.00
8/14/2012,51.96
8/14/2012,3120.00
8/15/2012,1890.80
8/15/2012,3903.20
8/15/2012,4300.00
8/15/2012,20372.80
8/15/2012,516.24
8/15/2012,605.20
8/15/2012,2855.20
8/15/2012,318.48
8/15/2012,4859.10
8/15/2012,1226.40
8/15/2012,4354.20
8/15/2012,75.11
8/15/2012,5112.00
8/15/2012,2360.00
8/15/2012,4590.20
8/16/2012,1198.80
8/16/2012,2454.40
8/16/2012,566.43
8/16/2012,2876.80
8/16/2012,4291.40
8/16/2012,287.42
8/16/2012,112.10
8/16/2012,148.12
8/16/2012,571.20
8/16/2012,295.00
8/16/2012,1439.91
8/16/2012,246.40
8/16/2012,2890.00
8/16/2012,2280.00
8/16/2012,3422.00
8/16/2012,463.98
8/16/2012,8868.60
8/17/2012,2424.40
8/17/2012,2680.00
8/17/2012,511.58
8/17/2012,74.04
8/17/2012,5312.80
8/17/2012,499.90
8/17/2012,2996.30
8/17/2012,556.00
8/17/2012,26622.00
8/17/2012,417.48
8/17/2012,1134.30
8/17/2012,3331.88
8/17/2012,1709.43
8/17/2012,5174.40
8/18/2012,210.53
8/18/2012,7622.80
8/18/2012,3327.60
8/18/2012,3320.00
8/18/2012,3015.88
8/18/2012,1778.40
8/18/2012,6762.60
8/18/2012,8791.20
8/18/2012,5988.00
8/18/2012,900.60
8/18/2012,1140.00
8/18/2012,4115.21
8/18/2012,3398.80
8/18/2012,22472.70
8/18/2012,242.64
8/18/2012,4725.90
8/18/2012,2693.07
8/18/2012,250.00
8/18/2012,2362.80
8/18/2012,8800.00
8/18/2012,4020.00
8/18/2012,2403.00
8/18/2012,3352.40
8/19/2012,4748.10
8/19/2012,2899.90
8/19/2012,1855.88
8/19/2012,3540.00
8/19/2012,337.00
8/19/2012,3162.40
8/19/2012,2322.00
8/19/2012,564.30
8/19/2012,932.20
8/19/2012,11287.50
8/19/2012,1923.40
8/19/2012,8388.00
8/19/2012,7842.10
8/19/2012,7645.40
8/20/2012,194.85
8/20/2012,20248.80
8/20/2012,2087.88
8/20/2012,3162.40
8/20/2012,86.28
8/20/2012,2300.00
8/20/2012,11900.00
8/21/2012,156.60
8/21/2012,3287.70
8/21/2012,2599.90
8/21/2012,3380.00
8/21/2012,3343.90
8/21/2012,545.00
8/21/2012,460.08
8/21/2012,2218.50
8/21/2012,18408.00
8/21/2012,5680.00
8/21/2012,12424.40
8/21/2012,11564.00
8/21/2012,152.91
8/21/2012,1607.34
8/21/2012,70.21
8/21/2012,3451.00
8/21/2012,1919.88
8/21/2012,1885.00
8/21/2012,735.30
8/21/2012,353.94
8/21/2012,2697.00
8/21/2012,402.00
8/22/2012,2992.30
8/22/2012,2336.40
8/22/2012,1052.80
8/22/2012,5115.60
8/22/2012,792.30
8/22/2012,3044.57
8/22/2012,4305.60
8/22/2012,65.91
8/22/2012,36.96
8/22/2012,95.40
8/22/2012,16000.00
8/22/2012,1590.30
8/22/2012,2331.60
8/22/2012,76.95
8/22/2012,3392.88
8/22/2012,122.36
8/23/2012,5148.00
8/23/2012,4489.20
8/23/2012,8178.30
8/23/2012,1509.30
8/23/2012,1639.95
8/23/2012,3503.20
8/23/2012,417.48
8/23/2012,2407.20
8/23/2012,2094.30
8/23/2012,2656.40
8/23/2012,9096.00
8/23/2012,214.54
8/23/2012,3915.11
8/23/2012,680.00
8/23/2012,1971.00
8/23/2012,1109.20
8/24/2012,54.15
8/24/2012,266.68
8/24/2012,1560.00
8/24/2012,4778.12
8/24/2012,1876.20
8/24/2012,1991.70
8/24/2012,3608.00
8/24/2012,2356.20
8/24/2012,3135.60
8/24/2012,236.85
8/24/2012,275.90
8/24/2012,3696.00
8/24/2012,3000.00
8/24/2012,717.00
8/24/2012,206.01
8/24/2012,2862.30
8/25/2012,3588.00
8/25/2012,7992.40
8/25/2012,2303.73
8/25/2012,610.40
8/25/2012,3216.00
8/25/2012,1674.40
8/25/2012,2433.60
8/25/2012,5409.40
8/25/2012,3392.88
8/25/2012,4188.60
8/25/2012,1088.10
8/25/2012,295.00
8/25/2012,1002.94
8/25/2012,5664.00
8/25/2012,2367.20
8/25/2012,3580.00
8/26/2012,571.20
8/26/2012,1472.04
8/26/2012,99.71
8/26/2012,10472.00
8/26/2012,4849.80
8/26/2012,3708.00
8/26/2012,406.00
8/26/2012,336.30
8/26/2012,1654.40
8/26/2012,3480.00
8/26/2012,275.00
8/26/2012,9009.42
8/26/2012,2124.40
8/26/2012,5470.40
8/26/2012,9500.48
8/26/2012,3510.00
8/27/2012,156.80
8/27/2012,1999.50
8/27/2012,402.50
8/27/2012,3758.40
8/27/2012,2627.40
8/27/2012,1091.34
8/27/2012,2094.30
8/27/2012,233.96
8/27/2012,528.20
8/27/2012,64.00
8/27/2012,7743.12
8/27/2012,277.80
8/27/2012,248.31
8/28/2012,2610.00
8/28/2012,1495.00
8/28/2012,163.90
8/28/2012,7528.40
8/28/2012,4354.20
8/28/2012,3451.00
8/28/2012,3108.80
8/28/2012,149.50
8/28/2012,6990.00
8/28/2012,7686.90
8/28/2012,74.10
8/28/2012,6735.40
8/28/2012,4890.00
8/28/2012,2680.00
8/29/2012,51.96
8/29/2012,1194.00
8/29/2012,1939.70
8/29/2012,75.34
8/29/2012,2112.20
8/29/2012,284.94
8/29/2012,4736.20
8/29/2012,4100.00
8/29/2012,236.21
8/29/2012,290.00
8/29/2012,138.90
8/29/2012,3287.70
8/29/2012,1702.00
8/29/2012,477.30
8/29/2012,335.31
8/29/2012,5398.20
8/29/2012,8268.00
8/29/2012,1194.00
8/29/2012,2244.60
8/29/2012,695.00
8/29/2012,5345.73
8/29/2012,890.00
8/30/2012,1949.10
8/30/2012,3471.30
8/30/2012,4831.21
8/30/2012,3954.60
8/30/2012,699.30
8/30/2012,6380.00
8/30/2012,3593.80
8/30/2012,1496.40
8/30/2012,5011.20
8/30/2012,4990.00
8/30/2012,2300.00
8/30/2012,2436.00
8/30/2012,372.00
8/30/2012,75.40
8/30/2012,233.96
8/30/2012,9152.51
8/30/2012,345.00
8/30/2012,1632.00
8/31/2012,18240.00
8/31/2012,4047.40
8/31/2012,1869.60
8/31/2012,166.68
8/31/2012,335.00
8/31/2012,2218.40
8/31/2012,3363.88
8/31/2012,2580.00
8/31/2012,2748.00
8/31/2012,1696.50
9/1/2012,4867.10
9/1/2012,2310.00
9/1/2012,4708.20
9/1/2012,3988.40
9/1/2012,1880.00
9/1/2012,6645.60
9/1/2012,2670.00
9/1/2012,2316.60
9/1/2012,3348.80
9/1/2012,6873.00
9/1/2012,659.94
9/1/2012,579.88
9/1/2012,2319.42
9/1/2012,1040.60
9/1/2012,96.33
9/1/2012,79.65
9/1/2012,1314.00
9/1/2012,568.80
9/1/2012,1232.40
9/1/2012,675.47
9/1/2012,44.03
9/1/2012,2491.91
9/1/2012,431.88
9/2/2012,35642.87
9/2/2012,2784.80
9/2/2012,2741.20
9/2/2012,341.40
9/2/2012,3567.00
9/2/2012,7061.83
9/2/2012,1521.00
9/2/2012,1455.30
9/2/2012,420.97
9/2/2012,13464.00
9/2/2012,104.80
9/2/2012,2584.20
9/2/2012,432.78
9/3/2012,3006.00
9/3/2012,5038.60
9/3/2012,59.50
9/3/2012,3331.88
9/3/2012,1496.40
9/3/2012,530.58
9/3/2012,5059.92
9/3/2012,147.44
9/3/2012,1002.94
9/3/2012,2290.00
9/3/2012,4022.20
9/3/2012,15500.00
9/3/2012,275.88
9/3/2012,2679.60
9/3/2012,15950.10
9/3/2012,57.94
9/3/2012,7740.00
9/3/2012,2052.00
9/3/2012,1825.60
9/3/2012,94.64
9/4/2012,6990.00
9/4/2012,1869.00
9/4/2012,495.00
9/4/2012,4168.80
9/4/2012,7580.00
9/4/2012,2864.00
9/4/2012,250.00
9/4/2012,2670.00
9/4/2012,2027.92
9/4/2012,49.36
9/4/2012,2000.00
9/4/2012,31200.00
9/4/2012,3380.00
9/4/2012,7592.40
9/4/2012,3380.00
9/4/2012,59.50
9/4/2012,2340.80
9/5/2012,1980.00
9/5/2012,254.85
9/5/2012,2232.00
9/5/2012,1656.00
9/5/2012,8690.00
9/5/2012,228.90
9/5/2012,202.75
9/5/2012,4699.70
9/5/2012,3000.00
9/5/2012,80.00
9/5/2012,4220.00
9/5/2012,599.90
9/5/2012,395.00
9/5/2012,495.00
9/5/2012,4699.70
9/5/2012,3290.00
9/5/2012,2730.60
9/5/2012,2900.00
9/5/2012,67.50
9/5/2012,1290.00
9/6/2012,141.88
9/6/2012,3239.40
9/6/2012,3010.00
9/6/2012,335.00
9/6/2012,359.90
9/6/2012,1269.00
9/6/2012,495.00
9/6/2012,138.90
9/6/2012,245.00
9/6/2012,199.50
9/6/2012,840.00
9/6/2012,1640.00
9/6/2012,153.44
9/6/2012,1900.00
9/6/2012,4090.00
9/6/2012,184.95
9/6/2012,3380.00
9/6/2012,545.00
9/7/2012,999.00
9/7/2012,2900.00
9/7/2012,6450.00
9/7/2012,562.40
9/7/2012,298.50
9/7/2012,10485.00
9/7/2012,4270.00
9/7/2012,2992.30
9/7/2012,388.40
9/7/2012,2690.00
9/7/2012,6990.00
9/7/2012,7392.60
9/7/2012,5000.00
9/7/2012,495.00
9/7/2012,4362.00
9/7/2012,4990.00
9/7/2012,220.00
9/7/2012,4805.00
9/7/2012,6550.00
9/7/2012,15600.00
9/7/2012,6270.00
9/7/2012,800.00
9/7/2012,1790.00
9/7/2012,275.00
9/7/2012,8560.00
9/8/2012,249.80
9/8/2012,1640.00
9/8/2012,825.00
9/8/2012,695.00
9/8/2012,34.75
9/8/2012,3919.00
9/8/2012,9990.00
9/8/2012,169.90
9/8/2012,3000.00
9/8/2012,12900.00
9/8/2012,9872.40
9/8/2012,892.80
9/8/2012,9200.00
9/8/2012,2190.00
9/8/2012,1790.00
9/8/2012,3090.00
9/8/2012,1290.00
9/8/2012,2290.00
9/8/2012,3140.64
9/8/2012,2080.00
9/8/2012,275.00
9/8/2012,65.00
9/8/2012,2599.90
9/8/2012,4362.00
9/9/2012,5600.00
9/9/2012,3100.00
9/9/2012,510.00
9/9/2012,9800.00
9/9/2012,6990.00
9/9/2012,104.80
9/9/2012,849.95
9/9/2012,2204.00
9/9/2012,11070.00
9/9/2012,49.95
9/9/2012,134.50
9/9/2012,1885.00
9/9/2012,680.00
9/9/2012,2393.84
9/9/2012,2499.00
9/9/2012,3010.00
9/9/2012,1935.00
9/9/2012,71.96
9/9/2012,1630.00
9/9/2012,388.40
9/9/2012,695.00
9/9/2012,6990.00
9/9/2012,4100.00
9/10/2012,2992.30
9/10/2012,2300.00
9/10/2012,249.80
9/10/2012,6570.00
9/10/2012,599.95
9/10/2012,94.96
9/10/2012,229.90
9/10/2012,2900.00
9/10/2012,6990.00
9/10/2012,2360.00
9/10/2012,134.50
9/10/2012,3320.00
9/10/2012,2380.00
9/10/2012,126.60
9/10/2012,79.50
9/10/2012,4544.00
9/10/2012,3010.00
9/10/2012,2190.00
9/10/2012,124.95
9/10/2012,3320.00
9/11/2012,67.50
9/11/2012,233.22
9/11/2012,2992.30
9/11/2012,5990.00
9/11/2012,1790.00
9/11/2012,65.00
9/11/2012,790.00
9/11/2012,450.00
9/11/2012,359.93
9/11/2012,220.00
9/11/2012,449.50
9/11/2012,1360.00
9/11/2012,1353.60
9/11/2012,8560.00
9/11/2012,249.80
9/11/2012,695.00
9/11/2012,49.21
9/11/2012,12270.00
9/11/2012,2900.00
9/11/2012,3499.50
9/11/2012,77.50
9/11/2012,3800.00
9/11/2012,5790.00
9/12/2012,107.85
9/12/2012,1900.00
9/12/2012,269.90
9/12/2012,695.00
9/12/2012,2660.00
9/12/2012,5680.00
9/12/2012,15300.00
9/12/2012,684.00
9/12/2012,78.00
9/12/2012,8200.00
9/12/2012,2990.00
9/12/2012,239.00
9/12/2012,1499.50
9/12/2012,749.75
9/12/2012,3383.78
9/12/2012,6570.00
9/12/2012,11070.00
9/12/2012,15600.00
9/12/2012,1900.00
9/12/2012,5985.00
9/13/2012,12000.00
9/13/2012,1599.90
9/13/2012,1560.00
9/13/2012,1630.00
9/13/2012,169.95
9/13/2012,2190.00
9/13/2012,4049.25
9/13/2012,8500.00
9/13/2012,250.00
9/13/2012,64.95
9/13/2012,189.75
9/13/2012,2023.20
9/13/2012,22950.00
9/13/2012,179.90
9/13/2012,19980.00
9/13/2012,1880.00
9/13/2012,199.50
9/13/2012,4820.00
9/13/2012,3000.00
9/13/2012,5680.00
9/13/2012,4990.00
9/14/2012,250.00
9/14/2012,1190.21
9/14/2012,3090.00
9/14/2012,1349.50
9/14/2012,1246.40
9/14/2012,1885.00
9/14/2012,549.95
9/14/2012,545.00
9/14/2012,695.00
9/14/2012,995.00
9/14/2012,950.00
9/14/2012,1650.00
9/14/2012,645.00
9/14/2012,608.00
9/14/2012,399.00
9/14/2012,2480.00
9/14/2012,2990.00
9/14/2012,1360.00
9/14/2012,6000.00
9/14/2012,2098.20
9/14/2012,999.00
9/14/2012,509.90
9/15/2012,890.00
9/15/2012,4270.00
9/15/2012,3580.00
9/15/2012,1199.80
9/15/2012,126.60
9/15/2012,229.90
9/15/2012,239.75
9/15/2012,128.45
9/15/2012,163.03
9/15/2012,239.75
9/15/2012,429.90
9/15/2012,2930.00
9/15/2012,4090.00
9/15/2012,126.60
9/15/2012,3290.00
9/15/2012,3800.00
9/15/2012,4090.00
9/15/2012,2190.00
9/15/2012,2144.00
9/15/2012,389.95
9/15/2012,3990.00
9/15/2012,825.00
9/15/2012,1160.00
9/15/2012,1144.80
9/15/2012,3690.00
9/15/2012,7160.00
9/15/2012,4110.00
9/15/2012,3380.00
9/15/2012,2290.00
9/15/2012,6290.00
9/16/2012,294.00
9/16/2012,4711.20
9/16/2012,2300.00
9/16/2012,22950.00
9/16/2012,950.00
9/16/2012,3320.00
9/16/2012,500.00
9/16/2012,3890.00
9/16/2012,359.90
9/16/2012,5680.00
9/16/2012,2000.00
9/16/2012,8190.00
9/16/2012,78.00
9/16/2012,14070.00
9/16/2012,3430.00
9/16/2012,64.75
9/16/2012,6764.00
9/16/2012,3290.00
9/17/2012,849.95
9/17/2012,6224.40
9/17/2012,5109.00
9/17/2012,4270.00
9/17/2012,1980.00
9/17/2012,79.92
9/17/2012,1648.80
9/17/2012,2680.00
9/17/2012,2051.24
9/17/2012,2499.00
9/17/2012,995.00
9/17/2012,11520.00
9/17/2012,5690.00
9/17/2012,5690.00
9/17/2012,4270.00
9/17/2012,89.70
9/17/2012,269.90
9/17/2012,4362.00
9/17/2012,4380.00
9/17/2012,2810.00
9/17/2012,945.00
9/18/2012,2680.00
9/18/2012,995.00
9/18/2012,3340.00
9/18/2012,8724.00
9/18/2012,4560.00
9/18/2012,7635.10
9/18/2012,47.50
9/18/2012,2499.00
9/18/2012,2930.00
9/18/2012,840.00
9/18/2012,4699.70
9/18/2012,64.95
9/18/2012,4049.25
9/18/2012,1290.00
9/18/2012,2899.90
9/18/2012,645.00
9/18/2012,680.00
9/18/2012,6460.00
9/18/2012,945.00
9/18/2012,545.00
9/18/2012,70.95
9/18/2012,59.50
9/18/2012,57.50
9/18/2012,3343.40
9/18/2012,2680.00
9/19/2012,479.50
9/19/2012,4290.00
9/19/2012,645.00
9/19/2012,4.75
9/19/2012,1630.00
9/19/2012,3290.00
9/19/2012,4805.00
9/19/2012,528.20
9/19/2012,2670.00
9/19/2012,4990.00
9/19/2012,995.00
9/19/2012,5592.00
9/19/2012,2550.00
9/19/2012,34.75
9/19/2012,3260.00
9/19/2012,284.50
9/19/2012,370.60
9/19/2012,2900.00
9/19/2012,4800.00
9/19/2012,1495.00
9/19/2012,4049.25
9/19/2012,1884.80
9/20/2012,6999.00
9/20/2012,10000.00
9/20/2012,995.00
9/20/2012,5912.80
9/20/2012,2300.00
9/20/2012,718.20
9/20/2012,9996.00
9/20/2012,1146.60
9/20/2012,1600.00
9/20/2012,209.95
9/20/2012,5680.00
9/20/2012,14896.00
9/20/2012,6000.00
9/20/2012,134.50
9/20/2012,1969.00
9/20/2012,199.90
9/20/2012,15184.80
9/21/2012,2027.92
9/21/2012,1349.50
9/21/2012,366.52
9/21/2012,405.50
9/21/2012,2930.00
9/21/2012,3744.00
9/21/2012,2190.00
9/21/2012,1560.00
9/21/2012,5032.80
9/21/2012,3290.00
9/21/2012,249.95
9/21/2012,644.85
9/21/2012,6990.00
9/21/2012,47.50
9/21/2012,199.50
9/21/2012,124.95
9/21/2012,3190.00
9/21/2012,69.50
9/22/2012,202.75
9/22/2012,474.00
9/22/2012,950.00
9/22/2012,2180.00
9/22/2012,208.65
9/22/2012,64.95
9/22/2012,1279.92
9/22/2012,1290.00
9/22/2012,2900.00
9/22/2012,3770.00
9/22/2012,790.00
9/22/2012,7580.00
9/22/2012,279.00
9/22/2012,9990.00
9/22/2012,72.60
9/22/2012,379.95
9/22/2012,273.56
9/22/2012,44000.00
9/22/2012,229.90
9/22/2012,720.00
9/22/2012,6550.00
9/22/2012,326.40
9/22/2012,599.95
9/22/2012,3990.00
9/22/2012,1499.50
9/22/2012,545.00
9/22/2012,599.95
9/23/2012,11997.60
9/23/2012,189.75
9/23/2012,499.90
9/23/2012,5690.00
9/23/2012,295.00
9/23/2012,4699.70
9/23/2012,390.00
9/23/2012,1799.90
9/23/2012,2690.00
9/23/2012,4998.00
9/23/2012,15600.00
9/23/2012,455.00
9/23/2012,9800.00
9/23/2012,4990.00
9/23/2012,138.90
9/23/2012,239.00
9/23/2012,850.00
9/23/2012,880.60
9/23/2012,2300.00
9/24/2012,3100.00
9/24/2012,64.95
9/24/2012,2990.00
9/24/2012,1000.00
9/24/2012,345.00
9/24/2012,14400.00
9/24/2012,1520.00
9/24/2012,3020.00
9/24/2012,1960.00
9/24/2012,1980.00
9/24/2012,2368.80
9/24/2012,243.17
9/24/2012,1136.20
9/24/2012,7740.00
9/24/2012,141.88
9/24/2012,24990.00
9/24/2012,2310.00
9/24/2012,2190.00
9/24/2012,367.20
9/24/2012,13980.00
9/24/2012,1090.00
9/24/2012,1360.00
9/24/2012,64.95
9/25/2012,645.00
9/25/2012,1690.00
9/25/2012,850.00
9/25/2012,54.08
9/25/2012,695.00
9/25/2012,284.50
9/25/2012,1208.40
9/25/2012,389.90
9/25/2012,999.00
9/25/2012,1640.00
9/25/2012,84.95
9/25/2012,8040.00
9/25/2012,509.90
9/25/2012,8708.40
9/25/2012,2300.00
9/25/2012,49.95
9/25/2012,4020.00
9/25/2012,950.00
9/25/2012,1290.00
9/25/2012,127.50
9/25/2012,2300.00
9/25/2012,64.75
9/25/2012,719.80
9/25/2012,1880.00
9/25/2012,1160.00
9/26/2012,279.00
9/26/2012,3010.00
9/26/2012,1599.90
9/26/2012,220.00
9/26/2012,1590.00
9/26/2012,4048.50
9/26/2012,2290.00
9/26/2012,6270.00
9/26/2012,124.95
9/26/2012,4586.40
9/26/2012,4414.80
9/26/2012,3290.00
9/26/2012,3320.00
9/26/2012,126.60
9/26/2012,4049.25
9/27/2012,3000.00
9/27/2012,2300.00
9/27/2012,126.60
9/27/2012,395.00
9/27/2012,1929.60
9/27/2012,379.95
9/27/2012,179.90
9/27/2012,5032.80
9/27/2012,1640.00
9/27/2012,6990.00
9/27/2012,169.95
9/27/2012,1499.00
9/27/2012,34.75
9/27/2012,1935.00
9/27/2012,269.90
9/27/2012,5660.00
9/27/2012,202.75
9/27/2012,395.00
9/27/2012,4362.00
9/27/2012,1160.00
9/28/2012,3477.78
9/28/2012,2290.00
9/28/2012,438.60
9/28/2012,6934.20
9/28/2012,2690.00
9/28/2012,950.00
9/28/2012,1077.85
9/28/2012,337.00
9/28/2012,388.40
9/28/2012,3402.36
9/28/2012,2900.00
9/28/2012,4990.00
9/28/2012,34000.00
9/28/2012,295.00
9/28/2012,1420.44
9/28/2012,16000.00
9/28/2012,359.90
9/28/2012,249.80
9/29/2012,4569.00
9/29/2012,7385.20
9/29/2012,1980.00
9/29/2012,429.90
9/29/2012,49.95
9/29/2012,3580.00
9/29/2012,4090.00
9/29/2012,2135.60
9/29/2012,1790.00
9/29/2012,4210.60
9/29/2012,59.50
9/29/2012,64.95
9/29/2012,1406.00
9/29/2012,379.95
9/30/2012,2190.00
9/30/2012,6000.00
9/30/2012,189.75
9/30/2012,1600.00
9/30/2012,1969.00
9/30/2012,64.75
9/30/2012,2090.00
9/30/2012,1395.00
9/30/2012,1216.80
9/30/2012,2290.00
9/30/2012,95.00
9/30/2012,4100.00
9/30/2012,17442.00
9/30/2012,950.00
9/30/2012,3448.50
9/30/2012,35560.00
9/30/2012,1095.00
9/30/2012,2499.00
10/1/2012,2290.00
10/1/2012,34.75
10/1/2012,940.00
10/1/2012,1599.90
10/1/2012,4362.00
10/1/2012,49.95
10/1/2012,389.95
10/1/2012,45900.00
10/1/2012,240.90
10/1/2012,2890.00
10/1/2012,95.00
10/1/2012,3100.00
10/1/2012,4990.00
10/1/2012,335.00
10/1/2012,950.00
10/1/2012,59.50
10/1/2012,3320.00
10/1/2012,890.00
10/1/2012,6270.00
10/1/2012,474.00
10/1/2012,645.00
10/1/2012,2574.88
10/1/2012,9.50
10/1/2012,420.00
10/1/2012,3000.00
10/1/2012,3380.00
10/2/2012,57.50
10/2/2012,2990.00
10/2/2012,1880.00
10/2/2012,950.00
10/2/2012,1395.00
10/2/2012,126.60
10/2/2012,6990.00
10/2/2012,4049.25
10/2/2012,24990.00
10/2/2012,510.00
10/2/2012,9990.00
10/2/2012,147.96
10/2/2012,4699.70
10/2/2012,695.00
10/2/2012,127.50
10/2/2012,788.40
10/2/2012,549.95
10/2/2012,1495.00
10/2/2012,5890.00
10/3/2012,740.00
10/3/2012,945.00
10/3/2012,4990.00
10/3/2012,1269.00
10/3/2012,95.00
10/3/2012,2300.00
10/3/2012,15000.00
10/3/2012,1845.00
10/3/2012,84.95
10/3/2012,1885.00
10/3/2012,37.96
10/3/2012,2290.00
10/3/2012,1599.90
10/3/2012,1630.00
10/3/2012,2999.00
10/3/2012,79.50
10/4/2012,9980.00
10/4/2012,6990.00
10/4/2012,24990.00
10/4/2012,3448.50
10/4/2012,140.00
10/4/2012,49.95
10/4/2012,579.80
10/4/2012,3100.00
10/4/2012,1999.50
10/4/2012,999.00
10/4/2012,1295.00
10/4/2012,144.21
10/4/2012,64.95
10/4/2012,199.50
10/4/2012,3090.00
10/4/2012,2990.00
10/4/2012,11322.00
10/4/2012,3990.00
10/4/2012,135.92
10/4/2012,2000.00
10/4/2012,1020.00
10/4/2012,330.00
10/5/2012,5775.00
10/5/2012,8982.15
10/5/2012,399.49
10/5/2012,5277.25
10/5/2012,5317.00
10/5/2012,7397.00
10/5/2012,799.20
10/5/2012,2671.80
10/5/2012,66.64
10/5/2012,9021.60
10/6/2012,549.45
10/6/2012,215.96
10/6/2012,122.62
10/6/2012,145.60
10/6/2012,635.89
10/6/2012,311.95
10/6/2012,2354.94
10/6/2012,3484.40
10/6/2012,1080.00
10/6/2012,205.12
10/6/2012,3700.00
10/6/2012,3430.40
10/6/2012,107.95
10/6/2012,10391.20
10/6/2012,143.92
10/6/2012,14945.05
10/7/2012,169.46
10/7/2012,3596.00
10/7/2012,9087.00
10/7/2012,968.40
10/7/2012,1760.40
10/7/2012,2183.80
10/7/2012,12574.80
10/7/2012,988.00
10/7/2012,6387.20
10/7/2012,4145.40
10/7/2012,4516.20
10/7/2012,32611.20
10/7/2012,59.94
10/7/2012,1778.40
10/7/2012,2339.22
10/7/2012,12772.00
10/8/2012,1672.00
10/8/2012,4855.60
10/8/2012,10912.00
10/8/2012,636.80
10/8/2012,569.81
10/8/2012,102.79
10/8/2012,4496.86
10/8/2012,3272.00
10/8/2012,242.03
10/8/2012,915.75
10/8/2012,278.46
10/8/2012,696.60
10/8/2012,369.93
10/8/2012,1580.80
10/8/2012,3281.80
10/8/2012,1971.60
10/8/2012,184.08
10/8/2012,306.80
10/9/2012,1015.20
10/9/2012,2406.40
10/9/2012,3618.60
10/9/2012,4309.20
10/9/2012,151.20
10/9/2012,13563.60
10/9/2012,9594.00
10/9/2012,1194.00
10/9/2012,299.76
10/10/2012,1786.20
10/10/2012,1599.60
10/10/2012,137.70
10/10/2012,277.20
10/10/2012,85.14
10/10/2012,2361.60
10/10/2012,26.41
10/10/2012,1548.18
10/10/2012,3223.88
10/10/2012,3840.00
10/10/2012,12800.00
10/10/2012,4600.30
10/10/2012,72.74
10/10/2012,14421.00
10/10/2012,12740.00
10/10/2012,4979.20
10/10/2012,1497.60
10/10/2012,10360.00
10/10/2012,1664.40
10/10/2012,3887.00
10/10/2012,354.00
10/10/2012,3471.88
10/11/2012,7725.00
10/11/2012,5038.74
10/11/2012,735.30
10/11/2012,640.00
10/11/2012,4479.36
10/11/2012,480.60
10/11/2012,19592.00
10/11/2012,574.20
10/11/2012,400.49
10/11/2012,1664.40
10/11/2012,722.40
10/11/2012,1801.80
10/11/2012,3310.80
10/12/2012,2519.37
10/12/2012,4128.95
10/12/2012,3351.60
10/12/2012,191.80
10/12/2012,25069.80
10/12/2012,4696.26
10/12/2012,3281.80
10/12/2012,4241.90
10/13/2012,3830.14
10/13/2012,642.47
10/13/2012,5688.60
10/13/2012,147.90
10/13/2012,2715.60
10/13/2012,122.95
10/13/2012,332.94
10/13/2012,8708.40
10/13/2012,168.00
10/13/2012,287.93
10/13/2012,5908.20
10/13/2012,2530.17
10/13/2012,4635.12
10/13/2012,11865.60
10/13/2012,3323.20
10/13/2012,235.19
10/13/2012,450.30
10/13/2012,72.74
10/13/2012,2758.80
10/13/2012,169.55
10/13/2012,237.60
10/14/2012,4876.20
10/14/2012,259.06
10/14/2012,2052.00
10/14/2012,115.94
10/14/2012,73.34
10/14/2012,330.00
10/14/2012,78.00
10/14/2012,315.00
10/14/2012,290.00
10/14/2012,332.94
10/14/2012,539.20
10/14/2012,2759.40
10/14/2012,9434.75
10/14/2012,288.41
10/14/2012,28458.00
10/15/2012,8807.40
10/15/2012,722.80
10/15/2012,5032.80
10/15/2012,2440.00
10/15/2012,560.77
10/15/2012,2558.40
10/15/2012,1651.20
10/15/2012,28458.00
10/15/2012,16692.15
10/15/2012,183.55
10/15/2012,1165.89
10/15/2012,10713.60
10/15/2012,3540.60
10/15/2012,64.40
10/15/2012,1011.20
10/15/2012,2212.60
10/15/2012,365.27
10/16/2012,760.00
10/16/2012,5912.60
10/16/2012,135.66
10/16/2012,1705.60
10/16/2012,2942.65
10/16/2012,460.67
10/16/2012,2015.87
10/16/2012,2963.80
10/16/2012,7379.40
10/16/2012,7800.00
10/16/2012,3003.00
10/16/2012,1198.80
10/16/2012,4528.80
10/16/2012,1040.00
10/16/2012,438.60
10/16/2012,593.95
10/16/2012,18197.20
10/16/2012,550.80
10/17/2012,252.80
10/17/2012,2391.20
10/17/2012,30046.80
10/17/2012,5583.36
10/17/2012,4947.60
10/17/2012,102.22
10/17/2012,1495.88
10/17/2012,4639.80
10/17/2012,335.94
10/17/2012,870.40
10/17/2012,85.14
10/17/2012,276.00
10/17/2012,452.34
10/17/2012,4266.20
10/17/2012,183.55
10/17/2012,8654.67
10/18/2012,4019.40
10/18/2012,2429.70
10/18/2012,2839.60
10/18/2012,1619.10
10/18/2012,2361.60
10/18/2012,7910.40
10/18/2012,774.36
10/18/2012,611.96
10/18/2012,963.80
10/18/2012,410.59
10/18/2012,318.13
10/18/2012,1151.93
10/18/2012,2455.20
10/18/2012,2551.42
10/18/2012,5014.80
10/18/2012,1638.30
10/18/2012,269.95
10/18/2012,6528.00
10/18/2012,439.08
10/18/2012,4570.80
10/19/2012,210.86
10/19/2012,2494.80
10/19/2012,1788.24
10/19/2012,4765.20
10/19/2012,1554.80
10/19/2012,6287.40
10/19/2012,31572.45
10/19/2012,101.28
10/19/2012,4017.00
10/19/2012,2933.70
10/19/2012,220.87
10/19/2012,39390.00
10/19/2012,283.84
10/19/2012,7173.60
10/19/2012,1782.00
10/19/2012,2910.42
10/19/2012,1102.00
10/19/2012,30.40
10/19/2012,4867.80
10/19/2012,353.68
10/19/2012,16870.40
10/19/2012,1554.80
10/20/2012,4649.40
10/20/2012,1079.64
10/20/2012,75.11
10/20/2012,3968.00
10/20/2012,1619.46
10/20/2012,4557.60
10/20/2012,592.65
10/20/2012,6757.40
10/20/2012,896.00
10/20/2012,7250.00
10/20/2012,436.80
10/20/2012,467.87
10/20/2012,2340.00
10/20/2012,161.24
10/20/2012,4816.18
10/20/2012,3654.00
10/20/2012,2977.00
10/20/2012,2402.18
10/20/2012,6408.00
10/21/2012,9500.40
10/21/2012,6511.26
10/21/2012,453.47
10/21/2012,884.80
10/21/2012,7644.00
10/21/2012,2568.80
10/21/2012,8093.40
10/21/2012,231.92
10/21/2012,881.02
10/21/2012,38592.28
10/21/2012,2061.80
10/21/2012,7363.20
10/22/2012,8204.20
10/22/2012,1346.80
10/22/2012,1115.20
10/22/2012,3038.40
10/22/2012,3720.00
10/22/2012,264.00
10/22/2012,3077.43
10/22/2012,1114.40
10/22/2012,2931.20
10/22/2012,75.11
10/22/2012,373.97
10/22/2012,12987.00
10/22/2012,4639.80
10/22/2012,5408.88
10/22/2012,59.80
10/22/2012,1346.80
10/23/2012,722.40
10/23/2012,18009.60
10/23/2012,843.60
10/23/2012,4582.40
10/23/2012,15937.20
10/23/2012,2847.00
10/23/2012,2757.24
10/23/2012,8527.80
10/23/2012,3280.00
10/23/2012,71.96
10/23/2012,693.64
10/23/2012,2268.60
10/23/2012,1008.00
10/23/2012,2146.00
10/23/2012,186.42
10/23/2012,14905.49
10/23/2012,324.19
10/23/2012,3942.40
10/23/2012,431.93
10/23/2012,3124.80
10/24/2012,5096.40
10/24/2012,187.62
10/24/2012,517.93
10/24/2012,1795.80
10/24/2012,5078.73
10/24/2012,30039.00
10/24/2012,31.97
10/24/2012,8686.60
10/24/2012,13997.40
10/24/2012,3983.50
10/24/2012,6487.00
10/24/2012,8278.20
10/24/2012,2317.56
10/24/2012,3900.00
10/24/2012,2340.80
10/24/2012,7283.20
10/24/2012,8772.45
10/25/2012,5398.20
10/25/2012,8947.20
10/25/2012,8667.60
10/25/2012,1929.60
10/25/2012,7714.20
10/25/2012,7792.20
10/25/2012,4864.00
10/25/2012,113.18
10/25/2012,280.48
10/25/2012,1216.00
10/25/2012,297.00
10/25/2012,1768.00
10/25/2012,410.35
10/25/2012,20817.00
10/25/2012,1020.60
10/25/2012,2433.60
10/25/2012,8634.60
10/25/2012,4103.66
10/25/2012,2356.00
10/25/2012,506.87
10/26/2012,1064.00
10/26/2012,2067.00
10/26/2012,1520.00
10/26/2012,1049.60
10/26/2012,3759.60
10/26/2012,3430.40
10/26/2012,514.80
10/26/2012,1825.20
10/26/2012,3770.00
10/26/2012,2998.80
10/26/2012,1107.40
10/26/2012,2354.94
10/27/2012,7967.00
10/27/2012,3915.11
10/27/2012,2080.00
10/27/2012,299.94
10/27/2012,1622.40
10/27/2012,1573.00
10/27/2012,15958.00
10/27/2012,5317.00
10/27/2012,343.20
10/27/2012,7991.00
10/27/2012,4960.80
10/27/2012,10054.80
10/27/2012,329.28
10/28/2012,75.76
10/28/2012,179.32
10/28/2012,7169.40
10/28/2012,3900.00
10/28/2012,1187.21
10/28/2012,67.93
10/28/2012,5.13
10/28/2012,1738.80
10/28/2012,483.48
10/28/2012,40.31
10/28/2012,12387.60
10/28/2012,3484.00
10/28/2012,19200.00
10/28/2012,2392.32
10/28/2012,1500.40
10/28/2012,2219.60
10/28/2012,12987.00
10/28/2012,1573.00
10/29/2012,154.14
10/29/2012,4883.00
10/29/2012,2463.44
10/29/2012,439.08
10/29/2012,201.30
10/29/2012,1799.40
10/29/2012,75.50
10/29/2012,25764.00
10/29/2012,1705.60
10/29/2012,610.87
10/29/2012,500.75
10/29/2012,6087.80
10/29/2012,460.67
10/29/2012,3596.80
10/29/2012,329.16
10/29/2012,2759.40
10/29/2012,4022.80
10/29/2012,500.40
10/29/2012,26.41
10/30/2012,15937.20
10/30/2012,3792.40
10/30/2012,1523.20
10/30/2012,503.20
10/30/2012,7560.00
10/30/2012,9925.63
10/30/2012,1659.20
10/30/2012,21060.00
10/30/2012,150.80
10/30/2012,4210.60
10/30/2012,438.45
10/30/2012,7787.00
10/30/2012,5408.88
10/30/2012,7644.00
10/30/2012,4961.88
10/30/2012,2589.63
10/30/2012,174.72
10/30/2012,4888.00
10/31/2012,511.87
10/31/2012,13627.60
10/31/2012,2267.87
10/31/2012,98.54
10/31/2012,215.77
10/31/2012,41.57
10/31/2012,858.40
10/31/2012,428.87
10/31/2012,134.95
10/31/2012,718.20
10/31/2012,150.64
10/31/2012,2977.00
10/31/2012,2293.50
10/31/2012,306.66
10/31/2012,2872.80
10/31/2012,143.92
10/31/2012,2003.40
10/31/2012,1573.80
11/1/2012,991.45
11/1/2012,1444.80
11/1/2012,2977.00
11/1/2012,3207.20
11/1/2012,1134.00
11/1/2012,806.20
11/1/2012,5032.80
11/1/2012,163.03
11/1/2012,8712.20
11/1/2012,237.60
11/1/2012,226.75
11/1/2012,2864.40
11/1/2012,54.21
11/2/2012,550.80
11/2/2012,16107.60
11/2/2012,2167.20
11/2/2012,179.40
11/2/2012,22158.96
11/2/2012,483.00
11/2/2012,125.76
11/2/2012,64.26
11/2/2012,464.40
11/2/2012,407.97
11/2/2012,5174.00
11/3/2012,795.87
11/3/2012,1709.40
11/3/2012,1174.80
11/3/2012,7800.00
11/3/2012,90.48
11/3/2012,444.80
11/3/2012,214.54
11/3/2012,604.95
11/3/2012,419.47
11/3/2012,325.00
11/3/2012,8405.95
11/3/2012,419.10
11/3/2012,2402.18
11/3/2012,864.00
11/3/2012,3819.20
11/3/2012,335.94
11/3/2012,102.22
11/3/2012,4030.00
11/3/2012,719.94
11/3/2012,215.28
11/3/2012,3710.45
11/3/2012,1881.60
11/3/2012,647.95
11/3/2012,264.00
11/4/2012,455.40
11/4/2012,4468.80
11/4/2012,1198.80
11/4/2012,121.57
11/4/2012,138.69
11/4/2012,3653.87
11/4/2012,182.21
11/4/2012,3363.40
11/4/2012,3695.20
11/4/2012,17901.00
11/4/2012,5405.40
11/4/2012,2398.50
11/4/2012,5172.60
11/4/2012,2392.32
11/4/2012,10036.20
11/4/2012,11191.20
11/4/2012,3484.00
11/4/2012,2988.80
11/4/2012,863.68
11/4/2012,2047.87
11/5/2012,267.07
11/5/2012,11123.20
11/5/2012,176.00
11/5/2012,1077.30
11/5/2012,294.27
11/5/2012,280.72
11/5/2012,231.92
11/5/2012,376.87
11/5/2012,5529.60
11/5/2012,3040.00
11/5/2012,2839.60
11/5/2012,1771.20
11/5/2012,1304.00
11/5/2012,4881.95
11/5/2012,17992.80
11/5/2012,654.00
11/5/2012,1840.00
11/6/2012,362.70
11/6/2012,3992.00
11/6/2012,3213.00
11/6/2012,354.00
11/6/2012,4258.80
11/6/2012,3323.20
11/6/2012,7787.00
11/6/2012,9087.00
11/6/2012,1599.60
11/6/2012,442.40
11/6/2012,15847.80
11/6/2012,2248.00
11/6/2012,159.60
11/6/2012,4440.00
11/6/2012,352.00
11/6/2012,11392.00
11/6/2012,4367.60
11/6/2012,190.34
11/6/2012,334.68
11/6/2012,2348.40
11/7/2012,5431.20
11/7/2012,225.34
11/7/2012,924.00
11/7/2012,3900.00
11/7/2012,3660.00
11/7/2012,6408.00
11/7/2012,212.04
11/7/2012,486.59
11/7/2012,200.00
11/7/2012,870.40
11/7/2012,5029.20
11/7/2012,2636.40
11/7/2012,5098.60
11/7/2012,439.08
11/7/2012,223.08
11/7/2012,784.80
11/7/2012,1674.40
11/7/2012,156.02
11/7/2012,7408.80
11/7/2012,486.39
11/7/2012,234.75
11/7/2012,220.80
11/7/2012,460.67
11/7/2012,29835.00
11/7/2012,3710.45
11/8/2012,4240.80
11/8/2012,81.12
11/8/2012,250.38
11/8/2012,12800.00
11/8/2012,4138.20
11/8/2012,2520.00
11/8/2012,16107.60
11/8/2012,2197.00
11/8/2012,1625.40
11/8/2012,2272.40
11/8/2012,231.92
11/8/2012,116.88
11/8/2012,11956.00
11/8/2012,4394.00
11/8/2012,5958.20
11/8/2012,11697.66
11/8/2012,3364.20
11/8/2012,1836.80
11/8/2012,1902.40
11/9/2012,2671.80
11/9/2012,51.30
11/9/2012,285.08
11/9/2012,9448.25
11/9/2012,129.95
11/9/2012,3192.00
11/9/2012,1548.45
11/9/2012,1792.05
11/9/2012,376.20
11/9/2012,1674.40
11/9/2012,11376.00
11/9/2012,8151.00
11/9/2012,3315.00
11/9/2012,809.73
11/9/2012,300.00
11/9/2012,884.80
11/9/2012,2641.60
11/9/2012,2217.60
11/10/2012,2768.60
11/10/2012,8819.20
11/10/2012,2523.20
11/10/2012,162.40
11/10/2012,8306.20
11/10/2012,5321.64
11/10/2012,7291.20
11/10/2012,129.42
11/10/2012,1625.40
11/10/2012,1173.60
11/10/2012,7134.00
11/10/2012,1786.20
11/10/2012,280.00
11/10/2012,47.60
11/10/2012,1049.60
11/10/2012,487.20
11/10/2012,42.84
11/10/2012,4409.37
11/10/2012,4803.20
11/10/2012,53.92
11/10/2012,5670.60
11/11/2012,3769.87
11/11/2012,13972.80
11/11/2012,2945.20
11/11/2012,221.26
11/11/2012,204.93
11/11/2012,3782.00
11/11/2012,3712.00
11/11/2012,1793.60
11/11/2012,2047.87
11/11/2012,19496.10
11/11/2012,11023.60
11/11/2012,300.07
11/12/2012,357.12
11/12/2012,233.44
11/12/2012,209.00
11/12/2012,358.80
11/12/2012,3830.14
11/12/2012,4191.20
11/12/2012,84.22
11/12/2012,159.97
11/12/2012,326.72
11/12/2012,3281.80
11/12/2012,499.07
11/12/2012,756.20
11/12/2012,600.40
11/12/2012,3418.86
11/12/2012,7564.00
11/12/2012,2926.40
11/12/2012,410.80
11/12/2012,4630.95
11/13/2012,12475.00
11/13/2012,960.00
11/13/2012,4343.30
11/13/2012,491.40
11/13/2012,9467.52
11/13/2012,2932.80
11/13/2012,285.08
11/13/2012,134.37
11/13/2012,351.04
11/13/2012,462.34
11/13/2012,4116.80
11/13/2012,829.60
11/13/2012,3171.88
11/13/2012,5474.31
11/13/2012,4030.00
11/13/2012,14169.60
11/14/2012,12550.00
11/14/2012,988.00
11/14/2012,7667.20
11/14/2012,4723.20
11/14/2012,4697.13
11/14/2012,3942.40
11/14/2012,522.00
11/14/2012,421.15
11/14/2012,5496.12
11/14/2012,2080.80
11/14/2012,11597.68
11/14/2012,858.00
11/15/2012,2574.00
11/15/2012,26736.75
11/15/2012,977.60
11/15/2012,299.00
11/15/2012,2620.80
11/15/2012,336.00
11/15/2012,3968.00
11/15/2012,2990.00
11/15/2012,1032.00
11/15/2012,69.00
11/15/2012,12399.40
11/15/2012,3792.40
11/15/2012,3471.88
11/15/2012,7411.20
11/15/2012,4290.00
11/15/2012,1984.00
11/15/2012,1786.20
11/15/2012,68.02
11/15/2012,90.44
11/15/2012,5529.60
11/15/2012,1599.60
11/15/2012,1058.40
11/15/2012,917.95
11/16/2012,7984.00
11/16/2012,6240.00
11/16/2012,19578.00
11/16/2012,135.66
11/16/2012,7291.20
11/16/2012,4736.75
11/16/2012,3683.00
11/16/2012,446.28
11/16/2012,426.60
11/16/2012,299.76
11/16/2012,7592.40
11/16/2012,2806.00
11/16/2012,12387.60
11/16/2012,192.35
11/16/2012,3003.00
11/17/2012,1199.60
11/17/2012,4284.60
11/17/2012,179.93
11/17/2012,66.05
11/17/2012,1140.00
11/17/2012,101.28
11/17/2012,3712.00
11/17/2012,514.80
11/17/2012,1740.80
11/17/2012,722.80
11/17/2012,10894.00
11/17/2012,2548.00
11/17/2012,280.00
11/17/2012,4672.20
11/17/2012,539.85
11/17/2012,61.88
11/17/2012,1739.42
11/17/2012,16052.80
11/17/2012,164.58
11/17/2012,5752.80
11/17/2012,4582.40
11/17/2012,1104.45
11/17/2012,1034.80
11/17/2012,2494.80
11/17/2012,1060.80
11/17/2012,7644.00
11/18/2012,140.56
11/18/2012,96.00
11/18/2012,959.68
11/18/2012,2480.94
11/18/2012,10944.00
11/18/2012,3497.00
11/18/2012,140.32
11/18/2012,3000.80
11/18/2012,13335.00
11/18/2012,2048.00
11/18/2012,376.20
11/18/2012,6246.50
11/18/2012,259.79
11/18/2012,2441.56
11/18/2012,262.20
11/18/2012,843.20
11/18/2012,3198.00
11/19/2012,3298.40
11/19/2012,1700.00
11/19/2012,3171.88
11/19/2012,251.37
11/19/2012,566.80
11/19/2012,396.00
11/19/2012,382.95
11/19/2012,1960.80
11/19/2012,98.02
11/19/2012,6487.00
11/20/2012,399.32
11/20/2012,3765.05
11/20/2012,16627.20
11/20/2012,176.00
11/20/2012,37.53
11/20/2012,384.40
11/20/2012,207.28
11/20/2012,1398.80
11/20/2012,2450.50
11/20/2012,608.00
11/20/2012,16383.00
11/20/2012,1559.61
11/20/2012,637.94
11/20/2012,3573.62
11/20/2012,4316.80
11/20/2012,4552.40
11/20/2012,1159.00
11/20/2012,4004.00
11/20/2012,18848.00
11/21/2012,567.85
11/21/2012,133.59
11/21/2012,8294.00
11/21/2012,87.35
11/21/2012,33048.00
11/21/2012,2574.00
11/21/2012,891.00
11/21/2012,4019.40
11/21/2012,3672.20
11/21/2012,1747.20
11/21/2012,965.25
11/21/2012,2324.70
11/21/2012,1183.93
11/21/2012,610.40
11/21/2012,503.87
11/21/2012,428.87
11/22/2012,2442.00
11/22/2012,3443.80
11/22/2012,2990.00
11/22/2012,924.00
11/22/2012,2031.87
11/22/2012,1506.40
11/22/2012,35847.00
11/22/2012,6161.40
11/22/2012,7555.80
11/22/2012,588.60
11/22/2012,7408.80
11/23/2012,12288.00
11/23/2012,834.00
11/23/2012,18291.00
11/23/2012,972.00
11/23/2012,11697.66
11/23/2012,76.10
11/23/2012,183.55
11/23/2012,1438.40
11/23/2012,3653.00
11/23/2012,182.21
11/23/2012,199.75
11/23/2012,2559.70
11/23/2012,4178.30
11/23/2012,722.40
11/23/2012,556.00
11/23/2012,1565.42
11/24/2012,16887.00
11/24/2012,5947.20
11/24/2012,522.00
11/24/2012,1994.20
11/24/2012,3906.00
11/24/2012,2931.20
11/24/2012,176.75
11/24/2012,5.13
11/24/2012,10147.30
11/24/2012,952.00
11/24/2012,197.14
11/24/2012,550.80
11/24/2012,5084.00
11/24/2012,6941.80
11/24/2012,4549.35
11/24/2012,591.60
11/24/2012,7185.60
11/25/2012,3592.80
11/25/2012,223.20
11/25/2012,2231.88
11/25/2012,537.60
11/25/2012,1731.60
11/25/2012,2429.70
11/25/2012,1500.40
11/25/2012,62475.00
11/25/2012,7800.00
11/25/2012,12787.20
11/25/2012,6259.20
11/25/2012,233.87
11/25/2012,264.00
11/25/2012,10028.70
11/25/2012,2016.00
11/25/2012,12200.00
11/25/2012,3906.00
11/25/2012,10155.60
11/26/2012,12674.60
11/26/2012,42.84
11/26/2012,6412.15
11/26/2012,2704.00
11/26/2012,3844.00
11/26/2012,370.76
11/26/2012,7113.60
11/26/2012,1198.80
11/26/2012,2944.00
11/26/2012,162.40
11/26/2012,4367.60
11/26/2012,12400.00
11/26/2012,506.87
11/26/2012,11011.20
11/26/2012,3900.00
11/26/2012,716.40
11/26/2012,410.35
11/26/2012,316.80
11/26/2012,108.77
11/26/2012,70.15
11/27/2012,534.60
11/27/2012,1060.82
11/27/2012,3022.60
11/27/2012,133.59
11/27/2012,3140.64
11/27/2012,1170.00
11/27/2012,512.00
11/27/2012,9620.23
11/27/2012,7308.00
11/27/2012,828.80
11/27/2012,396.00
11/27/2012,280.00
11/27/2012,37148.80
11/27/2012,1632.00
11/27/2012,39064.00
11/27/2012,2885.40
11/27/2012,3484.00
11/27/2012,7526.40
11/27/2012,103.95
11/27/2012,8877.30
11/27/2012,3497.00
11/28/2012,8151.00
11/28/2012,3651.80
11/28/2012,3428.20
11/28/2012,88.35
11/28/2012,6387.20
11/28/2012,3205.80
11/28/2012,3712.00
11/28/2012,1641.60
11/28/2012,4671.99
11/28/2012,2146.00
11/28/2012,722.00
11/28/2012,3827.20
11/28/2012,579.15
11/28/2012,8772.45
11/28/2012,61.88
11/28/2012,6357.00
11/28/2012,2804.40
11/28/2012,568.09
11/29/2012,14615.60
11/29/2012,696.60
11/29/2012,305.00
11/29/2012,8225.00
11/29/2012,843.20
11/29/2012,716.40
11/29/2012,11264.00
11/29/2012,1932.00
11/29/2012,2416.00
11/29/2012,754.88
11/29/2012,3654.00
11/29/2012,574.20
11/29/2012,2094.55
11/29/2012,281.60
11/29/2012,1398.60
11/29/2012,2480.00
11/30/2012,1890.80
11/30/2012,4744.80
11/30/2012,3557.40
11/30/2012,3692.60
11/30/2012,2898.00
11/30/2012,2441.56
11/30/2012,4618.40
11/30/2012,16497.30
11/30/2012,2332.20
11/30/2012,4316.00
11/30/2012,69.00
11/30/2012,133.13
11/30/2012,1415.20
11/30/2012,9464.20
11/30/2012,319.00
11/30/2012,3827.13
11/30/2012,313.75
11/30/2012,612.00
12/1/2012,1250.60
12/1/2012,1357.20
12/1/2012,251.37
12/1/2012,2998.80
12/1/2012,4079.60
12/1/2012,3460.20
12/1/2012,9087.00
12/1/2012,2356.00
12/1/2012,4394.00
12/1/2012,637.94
12/1/2012,2429.70
12/1/2012,2160.00
12/1/2012,12587.40
12/1/2012,5670.60
12/1/2012,20475.00
12/1/2012,294.27
12/1/2012,1034.80
12/1/2012,294.14
12/1/2012,1983.20
12/2/2012,1189.78
12/2/2012,2376.00
12/2/2012,338.33
12/2/2012,1080.00
12/2/2012,62.10
12/2/2012,7005.60
12/2/2012,266.66
12/2/2012,71.26
12/2/2012,8877.30
12/2/2012,2748.45
12/2/2012,289.67
12/2/2012,1832.00
12/2/2012,5344.40
12/2/2012,1170.00
12/2/2012,6337.30
12/2/2012,164.58
12/2/2012,2818.20
12/2/2012,3880.80
12/2/2012,3310.80
12/3/2012,395.15
12/3/2012,7527.00
12/3/2012,143.86
12/3/2012,120.79
12/3/2012,75.11
12/3/2012,1648.80
12/3/2012,2279.20
12/3/2012,20454.40
12/3/2012,4145.40
12/3/2012,220.00
12/3/2012,184.00
12/3/2012,180.57
12/4/2012,690.84
12/4/2012,350.87
12/4/2012,5312.40
12/4/2012,3034.20
12/4/2012,10184.00
12/4/2012,233.87
12/4/2012,3443.20
12/4/2012,2365.68
12/4/2012,21156.00
12/4/2012,722.00
12/4/2012,3968.00
12/4/2012,7781.00
12/4/2012,5592.00
12/4/2012,3227.88
12/4/2012,2712.00
12/4/2012,2559.36
12/4/2012,1554.80
12/5/2012,456.36
12/5/2012,220.00
12/5/2012,1848.00
12/5/2012,123.88
12/5/2012,3681.00
12/5/2012,858.75
12/5/2012,8261.50
12/5/2012,113.94
12/5/2012,4432.60
12/5/2012,6672.33
12/5/2012,3526.55
12/5/2012,1424.00
12/5/2012,792.00
12/5/2012,3427.40
12/5/2012,3861.00
12/6/2012,558.80
12/6/2012,4832.11
12/6/2012,5331.10
12/6/2012,6256.05
12/6/2012,3315.12
12/6/2012,3770.00
12/6/2012,1264.00
12/6/2012,141.60
12/6/2012,1751.20
12/6/2012,11796.25
12/6/2012,3876.21
12/7/2012,103.50
12/7/2012,687.47
12/7/2012,3924.30
12/7/2012,492.25
12/7/2012,5007.20
12/7/2012,12674.60
12/7/2012,959.20
12/7/2012,87.91
12/7/2012,874.65
12/7/2012,1368.00
12/7/2012,2796.80
12/7/2012,6132.10
12/7/2012,7644.00
12/7/2012,1761.15
12/7/2012,849.60
12/7/2012,1870.55
12/7/2012,6976.92
12/8/2012,20080.00
12/8/2012,2804.40
12/8/2012,318.51
12/8/2012,1399.20
12/8/2012,2741.20
12/8/2012,4491.00
12/8/2012,3887.00
12/8/2012,2079.00
12/8/2012,7618.40
12/8/2012,247.80
12/8/2012,3591.00
12/8/2012,806.60
12/9/2012,6166.55
12/9/2012,1417.00
12/9/2012,13604.00
12/9/2012,1238.80
12/9/2012,4067.20
12/9/2012,2046.00
12/9/2012,8348.20
12/9/2012,10624.80
12/9/2012,1651.20
12/9/2012,882.00
12/9/2012,2080.00
12/9/2012,1927.20
12/10/2012,92.82
12/10/2012,32487.00
12/10/2012,186.90
12/10/2012,8941.05
12/10/2012,6670.40
12/10/2012,14240.00
12/10/2012,2776.80
12/10/2012,959.20
12/10/2012,5561.60
12/10/2012,23324.40
12/10/2012,2470.00
12/10/2012,4500.00
12/10/2012,113.94
12/10/2012,122.23
12/11/2012,3025.10
12/11/2012,2119.00
12/11/2012,2919.20
12/11/2012,1800.00
12/11/2012,329.70
12/11/2012,1161.00
12/11/2012,805.35
12/11/2012,1032.00
12/11/2012,4165.60
12/11/2012,3132.05
12/12/2012,1800.00
12/12/2012,252.73
12/12/2012,687.47
12/12/2012,5262.60
12/12/2012,6256.05
12/12/2012,450.00
12/12/2012,8800.00
12/12/2012,4159.23
12/12/2012,496.25
12/12/2012,2144.00
12/13/2012,800.11
12/13/2012,181.64
12/13/2012,129.12
12/13/2012,4203.20
12/13/2012,159.31
12/13/2012,112.04
12/13/2012,4639.80
12/13/2012,8132.60
12/13/2012,290.38
12/13/2012,11347.05
12/13/2012,408.07
12/13/2012,978.77
12/14/2012,3477.78
12/14/2012,5487.00
12/14/2012,3456.65
12/14/2012,10006.10
12/14/2012,6784.10
12/14/2012,355.91
12/14/2012,1696.50
12/14/2012,699.15
12/14/2012,7191.00
12/14/2012,965.07
12/14/2012,115.61
12/14/2012,3726.37
12/14/2012,6221.10
12/14/2012,448.71
12/14/2012,4947.60
12/14/2012,389.40
12/14/2012,211.52
12/15/2012,7043.20
12/15/2012,495.17
12/15/2012,249.20
12/15/2012,1487.88
12/15/2012,767.00
12/15/2012,2972.60
12/15/2012,139.62
12/15/2012,4830.00
12/15/2012,3383.78
12/15/2012,107.10
12/15/2012,429.05
12/15/2012,1786.20
12/16/2012,3925.80
12/16/2012,502.82
12/16/2012,5602.05
12/16/2012,4296.00
12/16/2012,527.91
12/16/2012,2058.50
12/16/2012,4157.23
12/16/2012,4394.00
12/17/2012,1141.65
12/17/2012,5147.50
12/17/2012,2254.20
12/17/2012,3274.88
12/17/2012,2700.00
12/17/2012,2055.87
12/17/2012,357.11
12/17/2012,191.97
12/17/2012,1357.20
12/17/2012,519.20
12/17/2012,1154.55
12/17/2012,612.00
12/17/2012,5212.65
12/17/2012,3895.15
12/17/2012,1026.60
12/17/2012,686.40
12/17/2012,429.15
12/17/2012,980.40
12/17/2012,20040.15
12/18/2012,8188.00
12/18/2012,2543.20
12/18/2012,730.80
12/18/2012,7448.00
12/18/2012,271.78
12/18/2012,2207.20
12/18/2012,220.00
12/18/2012,404.01
12/18/2012,2745.60
12/18/2012,2388.62
12/18/2012,2529.00
12/19/2012,519.20
12/19/2012,4769.00
12/19/2012,772.20
12/19/2012,1742.57
12/19/2012,102.93
12/19/2012,1424.00
12/19/2012,291.96
12/19/2012,2098.20
12/19/2012,12920.00
12/19/2012,5092.55
12/19/2012,13868.40
12/19/2012,2140.60
12/20/2012,1475.60
12/20/2012,12674.60
12/20/2012,10768.30
12/20/2012,5337.15
12/20/2012,2700.00
12/20/2012,533.32
12/20/2012,102.93
12/20/2012,145.18
12/20/2012,4548.30
12/20/2012,6746.20
12/20/2012,2497.05
12/20/2012,767.60
12/20/2012,860.70
12/21/2012,2728.00
12/21/2012,2046.00
12/21/2012,2444.00
12/21/2012,2496.00
12/21/2012,2415.61
12/21/2012,5337.15
12/21/2012,287.92
12/21/2012,177.11
12/21/2012,2072.00
12/21/2012,3882.18
12/21/2012,1486.80
12/21/2012,4514.40
12/21/2012,3865.40
12/21/2012,800.11
12/21/2012,2895.60
12/21/2012,2483.10
12/21/2012,2886.40
12/21/2012,4416.15
12/22/2012,3293.60
12/22/2012,2655.00
12/22/2012,1657.65
12/22/2012,876.15
12/22/2012,3660.55
12/22/2012,3537.60
12/22/2012,2389.41
12/22/2012,7285.40
12/22/2012,2988.00
12/22/2012,8667.60
12/22/2012,2467.60
12/22/2012,975.55
12/22/2012,3825.00
12/22/2012,4432.60
12/22/2012,255.72
12/22/2012,3683.00
12/23/2012,792.00
12/23/2012,178.91
12/23/2012,302.33
12/23/2012,2898.00
12/23/2012,4416.15
12/23/2012,5697.00
12/23/2012,22491.00
12/23/2012,5898.12
12/23/2012,2697.45
12/23/2012,1982.90
12/23/2012,249.20
12/23/2012,7592.40
12/23/2012,7600.00
12/23/2012,3308.80
12/23/2012,1520.00
12/23/2012,4292.60
12/23/2012,1673.20
12/23/2012,211.52
12/23/2012,248.63
12/24/2012,2345.60
12/24/2012,3403.60
12/24/2012,11912.60
12/24/2012,146.85
12/24/2012,1440.00
12/24/2012,6291.00
12/24/2012,1428.80
12/24/2012,376.87
12/24/2012,5599.20
12/24/2012,8418.55
12/24/2012,280.73
12/24/2012,873.20
12/24/2012,1293.60
12/24/2012,881.10
12/25/2012,2407.55
12/25/2012,3389.11
12/25/2012,7697.15
12/25/2012,251.53
12/25/2012,164.97
12/25/2012,6568.20
12/25/2012,2061.00
12/25/2012,4826.00
12/25/2012,377.33
12/25/2012,367.22
12/25/2012,1154.55
12/25/2012,850.20
12/26/2012,1590.41
12/26/2012,10207.08
12/26/2012,420.56
12/26/2012,2961.00
12/26/2012,2403.00
12/26/2012,1223.20
12/26/2012,385.53
12/26/2012,602.50
12/26/2012,16692.15
12/26/2012,2279.20
12/26/2012,272.48
12/26/2012,1413.37
12/26/2012,4376.55
12/27/2012,2455.20
12/27/2012,204.13
12/27/2012,122.10
12/27/2012,2371.80
12/27/2012,251.10
12/27/2012,2204.00
12/27/2012,814.45
12/27/2012,1772.10
12/27/2012,3404.00
12/27/2012,5172.60
12/27/2012,5207.00
12/28/2012,12121.20
12/28/2012,3628.50
12/28/2012,204.87
12/28/2012,2412.00
12/28/2012,8925.00
12/28/2012,10034.05
12/28/2012,954.60
12/28/2012,885.00
12/28/2012,9000.00
12/29/2012,3890.50
12/29/2012,2610.00
12/29/2012,205.76
12/29/2012,593.12
12/29/2012,320.31
12/29/2012,10064.00
12/29/2012,2258.87
12/29/2012,8982.15
12/29/2012,1196.80
12/29/2012,2977.00
12/29/2012,503.93
12/29/2012,151.13
12/29/2012,182.34
12/29/2012,683.91
12/30/2012,5220.00
12/30/2012,175.12
12/30/2012,6221.10
12/30/2012,180.57
12/30/2012,1742.57
12/30/2012,7690.65
12/30/2012,607.20
12/30/2012,7467.60
12/30/2012,61.51
12/30/2012,7452.74
12/30/2012,6642.00
12/30/2012,2481.15
12/30/2012,2008.00
12/31/2012,13492.40
12/31/2012,2294.00
12/31/2012,1332.00
12/31/2012,295.42
12/31/2012,345.67
12/31/2012,2774.50
12/31/2012,102.93
1/1/2013,237.51
1/1/2013,7082.25
1/1/2013,4115.21
1/1/2013,2079.92
1/1/2013,1592.91
1/1/2013,2070.00
1/1/2013,1594.40
1/1/2013,3024.80
1/1/2013,580.80
1/1/2013,185.50
1/1/2013,1682.60
1/1/2013,7592.40
1/1/2013,3778.95
1/2/2013,7821.00
1/2/2013,2610.00
1/2/2013,2608.00
1/2/2013,444.91
1/2/2013,208.73
1/2/2013,6063.60
1/2/2013,1786.20
1/2/2013,2759.00
1/2/2013,7374.40
1/2/2013,1596.40
1/2/2013,853.96
1/2/2013,424.36
1/2/2013,1261.92
1/2/2013,7947.60
1/2/2013,446.28
1/2/2013,7207.20
1/2/2013,1129.41
1/3/2013,3720.00
1/3/2013,886.05
1/3/2013,690.25
1/3/2013,918.00
1/3/2013,10110.40
1/3/2013,106.51
1/3/2013,112.67
1/3/2013,3531.15
1/3/2013,1857.40
1/3/2013,1237.10
1/3/2013,2331.20
1/3/2013,1323.00
1/3/2013,4818.61
1/4/2013,4672.20
1/4/2013,1444.00
1/4/2013,4189.10
1/4/2013,332.91
1/4/2013,881.10
1/4/2013,369.51
1/4/2013,12571.00
1/4/2013,2356.00
1/4/2013,2610.00
1/4/2013,3416.30
1/4/2013,20540.25
1/4/2013,280.83
1/4/2013,2429.10
1/4/2013,5050.00
1/4/2013,527.91
1/5/2013,116.35
1/5/2013,161.91
1/5/2013,141.96
1/5/2013,3558.00
1/5/2013,3901.94
1/5/2013,1761.15
1/5/2013,4094.00
1/5/2013,600.32
1/5/2013,274.39
1/5/2013,12582.00
1/5/2013,1487.27
1/6/2013,2709.00
1/6/2013,5112.26
1/6/2013,242.91
1/6/2013,14320.00
1/6/2013,2529.00
1/6/2013,520.37
1/6/2013,10617.70
1/6/2013,2159.88
1/6/2013,5004.44
1/6/2013,1141.65
1/6/2013,153.15
1/6/2013,6828.00
1/6/2013,702.00
1/6/2013,2227.40
1/6/2013,817.63
1/6/2013,4229.73
1/6/2013,607.20
1/6/2013,2403.00
1/7/2013,2595.50
1/7/2013,1760.00
1/7/2013,13275.00
1/7/2013,15130.00
1/7/2013,364.95
1/7/2013,291.96
1/7/2013,8832.30
1/7/2013,656.57
1/7/2013,3861.00
1/7/2013,12880.28
1/8/2013,88.41
1/8/2013,272.66
1/8/2013,367.66
1/8/2013,1687.08
1/8/2013,10367.17
1/8/2013,2159.88
1/8/2013,259.46
1/8/2013,2049.55
1/8/2013,151.12
1/8/2013,852.25
1/8/2013,428.80
1/8/2013,440.00
1/9/2013,3940.10
1/9/2013,11918.07
1/9/2013,2631.20
1/9/2013,1457.54
1/9/2013,959.20
1/9/2013,1800.00
1/9/2013,8268.00
1/9/2013,299.11
1/9/2013,7792.02
1/9/2013,4195.76
1/9/2013,2321.45
1/9/2013,5645.36
1/9/2013,2734.65
1/10/2013,115.90
1/10/2013,1135.20
1/10/2013,3017.10
1/10/2013,337.76
1/10/2013,322.11
1/10/2013,17926.70
1/10/2013,462.42
1/10/2013,1681.50
1/10/2013,2579.14
1/10/2013,1383.88
1/10/2013,141.97
1/10/2013,7814.15
1/10/2013,267.61
1/10/2013,4466.05
1/10/2013,454.71
1/11/2013,300.81
1/11/2013,8830.17
1/11/2013,17900.00
1/11/2013,2478.00
1/11/2013,3025.10
1/11/2013,3678.45
1/11/2013,43982.40
1/11/2013,912.90
1/11/2013,910.41
1/11/2013,2024.00
1/11/2013,1186.80
1/11/2013,536.91
1/11/2013,249.31
1/12/2013,11016.10
1/12/2013,2839.10
1/12/2013,18768.15
1/12/2013,1780.00
1/12/2013,1682.60
1/12/2013,2412.00
1/12/2013,686.31
1/12/2013,421.96
1/12/2013,3079.56
1/12/2013,8365.47
1/12/2013,1949.10
1/12/2013,1949.10
1/12/2013,2820.80
1/12/2013,1062.00
1/13/2013,1244.05
1/13/2013,202.31
1/13/2013,4416.15
1/13/2013,2761.20
1/13/2013,3228.00
1/13/2013,2552.00
1/13/2013,2868.80
1/13/2013,2194.80
1/13/2013,83.60
1/13/2013,1261.92
1/13/2013,466.58
1/14/2013,628.83
1/14/2013,2158.60
1/14/2013,3637.35
1/14/2013,3427.40
1/14/2013,6338.20
1/14/2013,8241.21
1/14/2013,10034.05
1/14/2013,89.91
1/14/2013,8.36
1/14/2013,2004.30
1/14/2013,237.72
1/14/2013,143.10
1/14/2013,819.00
1/14/2013,3065.28
1/14/2013,3444.00
1/14/2013,176.82
1/14/2013,1672.65
1/14/2013,1592.91
1/14/2013,1141.65
1/14/2013,2478.74
1/14/2013,5964.88
1/14/2013,4801.65
1/14/2013,2902.80
1/15/2013,1217.20
1/15/2013,155.09
1/15/2013,2451.80
1/15/2013,136.39
1/15/2013,1974.32
1/15/2013,271.05
1/15/2013,2720.04
1/15/2013,332.61
1/16/2013,1682.10
1/16/2013,967.56
1/16/2013,680.11
1/16/2013,386.91
1/16/2013,2693.07
1/16/2013,2676.05
1/16/2013,3776.90
1/16/2013,4416.15
1/16/2013,184.45
1/16/2013,930.30
1/17/2013,2614.40
1/17/2013,515.88
1/17/2013,246.92
1/17/2013,2699.10
1/17/2013,2100.40
1/17/2013,382.87
1/17/2013,2695.60
1/17/2013,6586.74
1/17/2013,450.00
1/17/2013,13904.00
1/17/2013,4035.60
1/17/2013,11848.14
1/17/2013,2741.20
1/17/2013,3838.56
1/17/2013,127.71
1/17/2013,4126.71
1/17/2013,2399.40
1/17/2013,2661.10
1/17/2013,519.59
1/18/2013,2595.41
1/18/2013,1682.10
1/18/2013,6459.90
1/18/2013,16790.20
1/18/2013,2226.80
1/18/2013,4032.34
1/18/2013,4767.72
1/18/2013,5370.00
1/18/2013,7584.00
1/18/2013,327.36
1/18/2013,16585.00
1/18/2013,610.65
1/18/2013,20425.50
1/18/2013,4514.98
1/18/2013,902.70
1/18/2013,122.32
1/18/2013,2683.20
1/18/2013,1872.00
1/18/2013,943.64
1/18/2013,4056.00
1/19/2013,16050.00
1/19/2013,1751.20
1/19/2013,4491.00
1/19/2013,386.91
1/19/2013,2331.00
1/19/2013,1541.55
1/19/2013,2581.00
1/19/2013,2917.70
1/19/2013,2358.40
1/19/2013,197.54
1/19/2013,1960.05
1/20/2013,54276.75
1/20/2013,355.11
1/20/2013,1781.05
1/20/2013,140.80
1/20/2013,1440.00
1/20/2013,5623.20
1/20/2013,561.97
1/20/2013,699.15
1/20/2013,6642.00
1/20/2013,614.10
1/20/2013,2064.80
1/20/2013,4948.32
1/20/2013,1386.00
1/21/2013,4859.10
1/21/2013,87.91
1/21/2013,5382.00
1/21/2013,5370.00
1/21/2013,876.15
1/21/2013,1161.00
1/21/2013,2928.10
1/21/2013,7823.20
1/21/2013,7777.55
1/21/2013,4702.80
1/21/2013,3867.60
1/21/2013,10428.00
1/21/2013,1213.80
1/22/2013,2571.40
1/22/2013,12337.35
1/22/2013,915.60
1/22/2013,439.91
1/22/2013,615.91
1/22/2013,3171.51
1/22/2013,2221.35
1/22/2013,226.95
1/22/2013,2830.20
1/22/2013,2886.40
1/22/2013,371.70
1/22/2013,5203.80
1/22/2013,8192.28
1/22/2013,87.91
1/22/2013,4491.00
1/22/2013,5580.30
1/22/2013,902.70
1/22/2013,112.67
1/22/2013,511.75
1/22/2013,293.61
1/23/2013,2609.91
1/23/2013,11679.50
1/23/2013,694.11
1/23/2013,1711.40
1/23/2013,2469.15
1/23/2013,5989.70
1/23/2013,1732.72
1/23/2013,5271.20
1/23/2013,1872.00
1/23/2013,5838.40
1/23/2013,1575.20
1/23/2013,1504.41
1/23/2013,2375.12
1/24/2013,5338.22
1/24/2013,2595.50
1/24/2013,5361.05
1/24/2013,2974.40
1/24/2013,1971.00
1/24/2013,1139.80
1/24/2013,2672.70
1/24/2013,2343.60
1/24/2013,20196.00
1/24/2013,2134.68
1/24/2013,590.70
1/24/2013,163.76
1/24/2013,2676.05
1/24/2013,398.29
1/24/2013,5262.60
1/24/2013,6143.48
1/25/2013,2695.60
1/25/2013,530.73
1/25/2013,1230.15
1/25/2013,3699.00
1/25/2013,1682.60
1/25/2013,2790.00
1/25/2013,1654.40
1/25/2013,1276.26
1/25/2013,237.66
1/25/2013,2408.00
1/25/2013,2070.00
1/26/2013,5301.15
1/26/2013,1762.20
1/26/2013,2476.40
1/26/2013,4534.32
1/26/2013,2061.00
1/26/2013,818.34
1/26/2013,804.00
1/26/2013,891.00
1/26/2013,242.91
1/26/2013,1569.96
1/26/2013,120.83
1/26/2013,5340.00
1/26/2013,176.91
1/27/2013,2886.40
1/27/2013,1583.91
1/27/2013,7371.00
1/27/2013,4087.65
1/27/2013,125.01
1/27/2013,5331.10
1/28/2013,1141.65
1/28/2013,711.00
1/28/2013,8722.00
1/28/2013,7118.68
1/28/2013,1496.15
1/28/2013,4767.72
1/28/2013,299.11
1/28/2013,8010.00
1/28/2013,10911.60
1/28/2013,6551.80
1/28/2013,3522.30
1/28/2013,2920.50
1/28/2013,3612.00
1/28/2013,1673.20
1/29/2013,705.57
1/29/2013,3562.88
1/29/2013,2631.20
1/29/2013,3149.55
1/29/2013,989.91
1/29/2013,1327.06
1/29/2013,202.31
1/29/2013,891.00
1/29/2013,440.00
1/29/2013,1663.20
1/29/2013,7480.11
1/29/2013,245.18
1/29/2013,4425.00
1/29/2013,5361.05
1/29/2013,12879.63
1/30/2013,3000.15
1/30/2013,2637.00
1/30/2013,335.16
1/30/2013,3586.80
1/30/2013,1292.74
1/30/2013,519.20
1/30/2013,89.91
1/30/2013,907.80
1/30/2013,7567.53
1/30/2013,7480.00
1/30/2013,2367.20
1/30/2013,21149.31
1/30/2013,3792.80
1/30/2013,4391.20
1/31/2013,6835.66
1/31/2013,521.84
1/31/2013,3377.25
1/31/2013,249.71
1/31/2013,3047.08
1/31/2013,5121.00
1/31/2013,4680.60
1/31/2013,2685.00
1/31/2013,3660.55
1/31/2013,7289.10
1/31/2013,3578.88
1/31/2013,6291.00
1/31/2013,850.25
1/31/2013,11441.00
1/31/2013,254.31
1/31/2013,3603.60
2/1/2013,187.70
2/1/2013,385.02
2/1/2013,10526.81
2/1/2013,11171.40
2/1/2013,1960.05
2/1/2013,6816.00
2/2/2013,1150.80
2/2/2013,978.56
2/2/2013,11.13
2/2/2013,1129.41
2/2/2013,995.83
2/2/2013,357.11
2/2/2013,210.00
2/2/2013,2040.00
2/2/2013,1790.00
2/2/2013,242.10
2/2/2013,2691.00
2/2/2013,2483.10
2/2/2013,13104.00
2/2/2013,2452.32
2/2/2013,367.22
2/2/2013,503.92
2/2/2013,2610.00
2/2/2013,3025.10
2/3/2013,742.79
2/3/2013,2412.00
2/3/2013,385.32
2/3/2013,205.76
2/3/2013,62.55
2/3/2013,486.75
2/3/2013,1960.05
2/3/2013,3525.21
2/3/2013,794.65
2/3/2013,1945.35
2/3/2013,269.44
2/4/2013,2373.60
2/4/2013,5383.21
2/4/2013,139.32
2/4/2013,15198.82
2/4/2013,975.55
2/4/2013,5951.75
2/4/2013,11892.62
2/4/2013,1495.20
2/4/2013,6670.40
2/4/2013,668.71
2/4/2013,447.50
2/4/2013,6708.30
2/4/2013,1529.94
2/5/2013,2377.92
2/5/2013,87.91
2/5/2013,249.20
2/5/2013,967.91
2/5/2013,290.31
2/5/2013,3879.15
2/5/2013,6784.10
2/5/2013,2376.30
2/5/2013,8017.36
2/5/2013,249.20
2/5/2013,228.23
2/5/2013,852.73
2/6/2013,6746.20
2/6/2013,4466.05
2/6/2013,290.31
2/6/2013,1682.10
2/6/2013,2944.55
2/6/2013,1428.44
2/6/2013,1610.91
2/6/2013,1752.30
2/6/2013,249.71
2/6/2013,2745.60
2/7/2013,2270.40
2/7/2013,10668.00
2/7/2013,1672.00
2/7/2013,1203.60
2/7/2013,981.00
2/7/2013,8227.32
2/7/2013,2279.20
2/7/2013,153.15
2/7/2013,1632.00
2/7/2013,647.80
2/7/2013,2631.20
2/7/2013,1672.00
2/7/2013,23893.45
2/7/2013,3678.48
2/8/2013,1760.00
2/8/2013,3507.51
2/8/2013,2661.10
2/8/2013,7983.30
2/9/2013,8010.00
2/9/2013,2691.00
2/9/2013,8388.00
2/9/2013,418.12
2/9/2013,119.20
2/9/2013,278.72
2/9/2013,255.11
2/9/2013,1317.20
2/9/2013,8549.20
2/9/2013,4821.60
2/9/2013,11498.80
2/9/2013,1040.60
2/9/2013,2360.14
2/9/2013,2348.28
2/9/2013,3504.28
2/9/2013,83.60
2/9/2013,12442.20
2/9/2013,2631.20
2/9/2013,1575.20
2/9/2013,1971.00
2/9/2013,270.30
2/10/2013,8882.20
2/10/2013,2374.07
2/10/2013,438.51
2/10/2013,206.91
2/10/2013,249.20
2/10/2013,2511.00
2/10/2013,12337.35
2/10/2013,2331.00
2/11/2013,1760.00
2/11/2013,9218.50
2/11/2013,2251.20
2/11/2013,375.90
2/11/2013,902.70
2/11/2013,335.86
2/11/2013,2358.40
2/11/2013,5092.55
2/11/2013,7151.05
2/11/2013,2520.00
2/11/2013,7956.55
2/11/2013,187.52
2/12/2013,5391.00
2/12/2013,2511.60
2/12/2013,278.23
2/12/2013,5101.50
2/12/2013,1701.00
2/12/2013,6151.20
2/12/2013,959.20
2/12/2013,690.30
2/12/2013,2631.20
2/12/2013,450.00
2/12/2013,711.00
2/13/2013,1710.00
2/13/2013,169.83
2/13/2013,3996.81
2/13/2013,1654.07
2/13/2013,1663.41
2/13/2013,3660.55
2/13/2013,1724.80
2/13/2013,6186.15
2/13/2013,5117.97
2/13/2013,1399.20
2/13/2013,3423.20
2/13/2013,112.04
2/13/2013,3888.00
2/13/2013,7474.60
2/13/2013,1082.95
2/13/2013,6899.10
2/14/2013,6875.31
2/14/2013,1178.10
2/14/2013,3556.81
2/14/2013,3887.20
2/14/2013,3827.13
2/14/2013,178.32
2/15/2013,853.20
2/15/2013,1135.20
2/15/2013,2580.00
2/15/2013,4491.00
2/15/2013,1230.15
2/15/2013,3389.11
2/15/2013,2451.80
2/15/2013,891.00
2/15/2013,2251.20
2/15/2013,686.31
2/15/2013,276.00
2/15/2013,3339.32
2/16/2013,3192.00
2/16/2013,2715.94
2/16/2013,2885.10
2/16/2013,981.00
2/16/2013,14136.69
2/16/2013,1210.40
2/16/2013,981.75
2/17/2013,2745.60
2/17/2013,268.27
2/17/2013,7921.00
2/17/2013,20425.50
2/17/2013,7435.35
2/17/2013,1957.82
2/17/2013,707.05
2/17/2013,4391.20
2/17/2013,4591.86
2/17/2013,3216.00
2/17/2013,1663.80
2/17/2013,1450.70
2/17/2013,1663.80
2/18/2013,28627.23
2/18/2013,2595.41
2/18/2013,4474.91
2/18/2013,4296.00
2/18/2013,6394.48
2/18/2013,1335.60
2/18/2013,3000.15
2/18/2013,9000.00
2/18/2013,3838.56
2/19/2013,11496.15
2/19/2013,4591.84
2/19/2013,4998.40
2/19/2013,205.76
2/19/2013,4466.05
2/19/2013,323.91
2/19/2013,8598.28
2/19/2013,329.21
2/19/2013,1682.60
2/19/2013,2974.40
2/19/2013,316.71
2/19/2013,519.20
2/19/2013,3570.00
2/19/2013,4401.00
2/19/2013,1790.00
2/19/2013,2270.40
2/20/2013,6291.00
2/20/2013,852.49
2/20/2013,1135.20
2/20/2013,3800.30
2/20/2013,1154.55
2/20/2013,8241.21
2/20/2013,804.61
2/21/2013,10692.15
2/21/2013,1640.00
2/21/2013,141.51
2/21/2013,2028.10
2/21/2013,753.72
2/21/2013,442.41
2/21/2013,2699.91
2/21/2013,512.10
2/21/2013,1415.10
2/21/2013,1927.20
2/21/2013,7740.00
2/21/2013,3903.99
2/21/2013,5029.90
2/21/2013,1243.20
2/21/2013,491.92
2/21/2013,6494.40
2/21/2013,2110.41
2/22/2013,2492.00
2/22/2013,247.80
2/22/2013,1896.60
2/22/2013,6670.40
2/22/2013,387.72
2/22/2013,327.36
2/22/2013,3027.27
2/22/2013,438.70
2/22/2013,1944.59
2/22/2013,163.39
2/22/2013,1781.05
2/22/2013,621.00
2/22/2013,147.68
2/23/2013,1091.34
2/23/2013,142.31
2/23/2013,8923.22
2/23/2013,384.76
2/23/2013,4788.20
2/23/2013,108.88
2/23/2013,11.33
2/23/2013,13337.74
2/23/2013,3537.60
2/23/2013,203.46
2/23/2013,1919.88
2/24/2013,4094.00
2/24/2013,263.12
2/24/2013,1920.00
2/24/2013,12126.40
2/24/2013,5625.60
2/24/2013,186.54
2/24/2013,3912.00
2/24/2013,614.10
2/24/2013,2322.00
2/25/2013,431.88
2/25/2013,9364.28
2/25/2013,2579.91
2/25/2013,5107.20
2/25/2013,333.96
2/25/2013,593.12
2/25/2013,2493.91
2/25/2013,629.97
2/25/2013,146.85
2/25/2013,190.80
2/25/2013,7056.00
2/25/2013,2153.82
2/25/2013,5310.00
2/25/2013,4126.71
2/25/2013,2032.80
2/25/2013,124.32
2/25/2013,1230.15
2/26/2013,10605.48
2/26/2013,113.31
2/26/2013,3782.61
2/26/2013,2304.20
2/26/2013,2464.11
2/26/2013,1070.85
2/26/2013,981.00
2/26/2013,3042.00
2/26/2013,201.43
2/26/2013,2919.20
2/26/2013,531.00
2/26/2013,1141.65
2/26/2013,19984.25
2/26/2013,1558.00
2/26/2013,5687.10
2/26/2013,103.81
2/26/2013,2064.80
2/27/2013,3558.00
2/27/2013,3051.00
2/27/2013,111.41
2/27/2013,442.50
2/27/2013,8900.00
2/27/2013,1154.55
2/27/2013,886.05
2/27/2013,87.91
2/27/2013,2676.05
2/27/2013,2207.20
2/27/2013,56.99
2/28/2013,106.19
2/28/2013,124.32
2/28/2013,1303.80
2/28/2013,269.44
2/28/2013,2552.00
2/28/2013,1752.30
2/28/2013,3915.11
2/28/2013,3890.08
2/28/2013,140.72
2/28/2013,3542.40
2/28/2013,3827.13
3/1/2013,2646.15
3/1/2013,7125.80
3/1/2013,6011.40
3/1/2013,2203.55
3/1/2013,202.58
3/1/2013,1629.08
3/1/2013,5292.00
3/1/2013,1398.30
3/1/2013,1174.14
3/1/2013,2446.40
3/2/2013,7094.35
3/2/2013,1575.20
3/2/2013,175.12
3/2/2013,417.47
3/2/2013,2309.10
3/2/2013,204.61
3/2/2013,799.36
3/2/2013,315.27
3/2/2013,8841.15
3/2/2013,4270.94
3/2/2013,3501.00
3/2/2013,7920.00
3/3/2013,4182.73
3/3/2013,8973.21
3/3/2013,11708.28
3/3/2013,2296.20
3/3/2013,1407.91
3/3/2013,2769.20
3/3/2013,2820.80
3/3/2013,149.51
3/3/2013,5611.65
3/3/2013,2718.00
3/3/2013,2934.00
3/3/2013,2246.45
3/3/2013,38556.00
3/3/2013,7992.00
3/3/2013,5095.20
3/3/2013,228.64
3/4/2013,738.00
3/4/2013,2718.30
3/4/2013,503.88
3/4/2013,2661.10
3/4/2013,3360.00
3/4/2013,5203.87
3/4/2013,7495.52
3/4/2013,730.80
3/4/2013,7821.00
3/4/2013,3431.40
3/4/2013,2885.10
3/4/2013,495.06
3/5/2013,6097.65
3/5/2013,2118.20
3/5/2013,2486.85
3/5/2013,85.50
3/5/2013,115.61
3/5/2013,1711.40
3/5/2013,7821.00
3/5/2013,3281.48
3/5/2013,321.99
3/5/2013,1771.10
3/6/2013,359.80
3/6/2013,695.20
3/6/2013,3216.00
3/6/2013,99.90
3/6/2013,2728.00
3/6/2013,3290.00
3/6/2013,3100.00
3/6/2013,15588.00
3/6/2013,156.00
3/7/2013,3080.00
3/7/2013,255.00
3/7/2013,2776.80
3/7/2013,99.90
3/7/2013,3380.00
3/7/2013,9196.00
3/7/2013,14278.60
3/7/2013,9998.00
3/7/2013,3380.00
3/7/2013,1340.00
3/7/2013,5997.60
3/7/2013,4290.00
3/7/2013,1580.00
3/7/2013,163.59
3/7/2013,2799.90
3/8/2013,4270.00
3/8/2013,5174.40
3/8/2013,1845.00
3/8/2013,7635.10
3/8/2013,3320.00
3/8/2013,4984.00
3/8/2013,7659.00
3/8/2013,238.80
3/8/2013,5184.00
3/8/2013,1360.00
3/8/2013,6426.00
3/8/2013,1680.00
3/8/2013,347.88
3/8/2013,102.34
3/9/2013,130.00
3/9/2013,3690.00
3/9/2013,5890.00
3/9/2013,8190.00
3/9/2013,11360.00
3/9/2013,1480.00
3/9/2013,1161.00
3/9/2013,7248.00
3/9/2013,4815.83
3/9/2013,1885.00
3/9/2013,4399.00
3/9/2013,1269.00
3/9/2013,2890.00
3/9/2013,138.90
3/10/2013,571.20
3/10/2013,4205.40
3/10/2013,8591.40
3/10/2013,8190.00
3/10/2013,831.60
3/10/2013,11988.00
3/10/2013,3348.00
3/11/2013,387.20
3/11/2013,9999.80
3/11/2013,1031.76
3/11/2013,1755.60
3/11/2013,4558.40
3/11/2013,5660.00
3/11/2013,289.90
3/12/2013,5990.00
3/12/2013,209.60
3/12/2013,816.00
3/12/2013,3080.00
3/12/2013,1885.00
3/12/2013,2352.00
3/12/2013,12990.00
3/12/2013,990.00
3/12/2013,1279.20
3/12/2013,2190.00
3/12/2013,404.11
3/12/2013,1319.56
3/12/2013,419.90
3/12/2013,10272.00
3/12/2013,399.90
3/12/2013,2760.00
3/12/2013,1221.80
3/12/2013,1290.00
3/12/2013,4068.00
3/13/2013,599.90
3/13/2013,2158.60
3/13/2013,1390.00
3/13/2013,2006.40
3/13/2013,69.50
3/13/2013,4990.00
3/13/2013,2800.00
3/13/2013,1800.00
3/13/2013,4518.00
3/13/2013,18360.00
3/13/2013,1869.00
3/13/2013,6320.00
3/13/2013,4569.00
3/14/2013,1919.00
3/14/2013,805.98
3/14/2013,2159.88
3/14/2013,29988.00
3/14/2013,2421.00
3/14/2013,6730.00
3/14/2013,1188.00
3/14/2013,1560.00
3/14/2013,816.00
3/14/2013,5000.00
3/14/2013,4362.00
3/14/2013,1999.50
3/15/2013,4399.91
3/15/2013,517.68
3/15/2013,674.00
3/15/2013,3380.00
3/15/2013,2999.90
3/15/2013,3580.00
3/15/2013,2000.00
3/15/2013,2510.00
3/15/2013,333.96
3/15/2013,7380.00
3/15/2013,143.10
3/15/2013,1109.40
3/15/2013,130.00
3/15/2013,4990.00
3/15/2013,1692.00
3/15/2013,2262.00
3/15/2013,1137.60
3/15/2013,2412.00
3/15/2013,19960.00
3/15/2013,1680.00
3/16/2013,9800.00
3/16/2013,1390.00
3/16/2013,169.00
3/16/2013,1751.20
3/16/2013,19.90
3/16/2013,2680.00
3/16/2013,24990.00
3/16/2013,2820.80
3/16/2013,399.90
3/16/2013,17640.00
3/16/2013,39.80
3/16/2013,2300.00
3/16/2013,8040.00
3/16/2013,990.00
3/16/2013,1312.00
3/17/2013,2900.00
3/17/2013,1480.00
3/17/2013,9670.00
3/17/2013,1800.00
3/17/2013,2451.80
3/17/2013,5360.00
3/17/2013,5690.00
3/17/2013,2695.20
3/17/2013,15300.00
3/18/2013,2714.72
3/18/2013,126.60
3/18/2013,12990.00
3/18/2013,851.40
3/18/2013,11760.00
3/18/2013,2380.00
3/18/2013,4932.00
3/18/2013,10190.74
3/18/2013,323.88
3/18/2013,6000.00
3/18/2013,229.90
3/18/2013,1960.00
3/18/2013,2280.00
3/18/2013,804.00
3/19/2013,372.00
3/19/2013,1167.60
3/19/2013,6990.00
3/19/2013,215.10
3/19/2013,113.90
3/19/2013,239.00
3/19/2013,999.80
3/20/2013,6719.76
3/20/2013,361.11
3/20/2013,1090.00
3/20/2013,1790.00
3/20/2013,359.90
3/20/2013,1330.57
3/20/2013,385.32
3/20/2013,2190.00
3/20/2013,2362.80
3/20/2013,1308.00
3/20/2013,6190.00
3/20/2013,359.90
3/21/2013,2599.90
3/21/2013,2496.00
3/21/2013,329.90
3/21/2013,3000.00
3/21/2013,2900.00
3/21/2013,690.00
3/21/2013,417.30
3/21/2013,6990.00
3/21/2013,4090.00
3/21/2013,5700.00
3/21/2013,2300.00
3/21/2013,17.11
3/21/2013,155.40
3/21/2013,199.00
3/21/2013,129.90
3/21/2013,779.90
3/21/2013,141.90
3/22/2013,5690.00
3/22/2013,811.00
3/22/2013,990.00
3/22/2013,7596.00
3/22/2013,851.40
3/22/2013,13980.00
3/22/2013,1461.91
3/22/2013,1885.00
3/22/2013,359.90
3/22/2013,6990.00
3/22/2013,2800.00
3/22/2013,8380.00
3/22/2013,1290.00
3/22/2013,2872.40
3/22/2013,5799.80
3/22/2013,2304.80
3/22/2013,1880.00
3/23/2013,3260.00
3/23/2013,187.70
3/23/2013,2599.90
3/23/2013,3744.00
3/23/2013,2090.00
3/23/2013,175.12
3/23/2013,2628.00
3/24/2013,1900.00
3/24/2013,215.70
3/24/2013,1210.00
3/24/2013,289.90
3/24/2013,379.50
3/24/2013,3300.00
3/24/2013,12040.00
3/24/2013,1969.00
3/24/2013,6011.40
3/24/2013,3390.00
3/24/2013,4876.20
3/24/2013,811.80
3/24/2013,310.00
3/24/2013,4595.40
3/24/2013,210.00
3/25/2013,431.40
3/25/2013,117.00
3/25/2013,871.20
3/25/2013,484.00
3/25/2013,1340.00
3/25/2013,8370.00
3/25/2013,5643.00
3/25/2013,2476.40
3/25/2013,6390.00
3/25/2013,15113.00
3/25/2013,4990.00
3/25/2013,2990.00
3/25/2013,10439.64
3/26/2013,389.90
3/26/2013,2800.00
3/26/2013,1419.00
3/26/2013,655.20
3/26/2013,2197.60
3/26/2013,13197.00
3/26/2013,5151.40
3/26/2013,8592.00
3/26/2013,1600.00
3/26/2013,12990.00
3/27/2013,4699.70
3/27/2013,9990.00
3/27/2013,5570.40
3/27/2013,2304.80
3/27/2013,1682.10
3/27/2013,367.22
3/27/2013,119.00
3/27/2013,209.60
3/27/2013,5680.00
3/27/2013,889.82
3/27/2013,1990.00
3/27/2013,5182.40
3/27/2013,2300.00
3/28/2013,1900.00
3/28/2013,2029.60
3/28/2013,3830.00
3/28/2013,990.00
3/28/2013,389.90
3/28/2013,141.90
3/28/2013,2190.00
3/28/2013,1920.00
3/28/2013,6990.00
3/28/2013,1340.00
3/29/2013,5174.40
3/29/2013,1090.00
3/29/2013,1790.00
3/29/2013,3984.00
3/29/2013,1480.00
3/29/2013,500.00
3/29/2013,2550.00
3/29/2013,3260.00
3/29/2013,7380.00
3/29/2013,948.00
3/29/2013,4320.00
3/29/2013,299.00
3/29/2013,4056.00
3/29/2013,4598.00
3/29/2013,1980.00
3/29/2013,5120.00
3/29/2013,3829.50
3/29/2013,836.40
3/29/2013,58.38
3/29/2013,4110.00
3/29/2013,3800.00
3/29/2013,1558.00
3/29/2013,8190.00
3/30/2013,279.00
3/30/2013,3090.00
3/30/2013,3936.00
3/30/2013,10000.00
3/30/2013,1969.00
3/30/2013,528.00
3/30/2013,7596.00
3/30/2013,7998.00
3/30/2013,81.92
3/30/2013,209.60
3/31/2013,1188.00
3/31/2013,129.90
3/31/2013,1969.00
3/31/2013,3847.20
3/31/2013,3890.00
3/31/2013,1310.40
3/31/2013,7197.60
3/31/2013,6990.00
3/31/2013,2468.20
3/31/2013,1650.00
3/31/2013,2380.00
4/1/2013,3010.00
4/1/2013,83.40
4/1/2013,1360.00
4/1/2013,3580.00
4/1/2013,2923.20
4/1/2013,2351.92
4/1/2013,2352.00
4/1/2013,1190.00
4/1/2013,8900.00
4/2/2013,11976.00
4/2/2013,230.00
4/2/2013,2590.00
4/2/2013,3267.60
4/2/2013,2141.40
4/2/2013,210.00
4/2/2013,836.40
4/2/2013,329.90
4/2/2013,8591.40
4/2/2013,1880.00
4/2/2013,499.60
4/2/2013,269.00
4/2/2013,5990.00
4/2/2013,1224.00
4/2/2013,289.90
4/2/2013,3012.00
4/2/2013,3948.00
4/2/2013,1650.00
4/2/2013,4220.00
4/2/2013,199.50
4/3/2013,690.00
4/3/2013,479.50
4/3/2013,199.00
4/3/2013,2900.00
4/3/2013,3990.00
4/3/2013,369.90
4/3/2013,5160.00
4/3/2013,14773.00
4/3/2013,4641.20
4/3/2013,5814.00
4/3/2013,1608.00
4/3/2013,5990.00
4/3/2013,239.88
4/3/2013,2080.00
4/3/2013,990.00
4/3/2013,334.80
4/4/2013,420.00
4/4/2013,8652.80
4/4/2013,2930.00
4/4/2013,256.90
4/4/2013,8800.00
4/4/2013,2631.20
4/4/2013,1699.90
4/4/2013,2262.00
4/4/2013,9552.00
4/4/2013,590.00
4/4/2013,256.90
4/4/2013,3372.00
4/4/2013,1360.00
4/5/2013,7659.00
4/5/2013,559.18
4/5/2013,129.90
4/5/2013,8890.00
4/5/2013,5828.00
4/5/2013,339.90
4/5/2013,2000.00
4/5/2013,690.00
4/5/2013,1099.90
4/5/2013,3280.00
4/5/2013,990.00
4/5/2013,292.38
4/5/2013,2990.00
4/5/2013,299.00
4/5/2013,1071.00
4/5/2013,8690.00
4/5/2013,209.60
4/5/2013,1522.20
4/5/2013,16200.00
4/6/2013,3276.00
4/6/2013,1980.00
4/6/2013,129.50
4/6/2013,3556.80
4/6/2013,399.00
4/6/2013,339.80
4/6/2013,2680.00
4/7/2013,329.90
4/7/2013,129.50
4/7/2013,4799.70
4/7/2013,3398.80
4/7/2013,2360.00
4/7/2013,3996.00
4/7/2013,126.60
4/7/2013,3890.00
4/7/2013,169.90
4/7/2013,194.70
4/7/2013,7659.00
4/7/2013,8178.30
4/7/2013,15600.00
4/7/2013,1264.40
4/7/2013,1900.00
4/7/2013,1990.00
4/8/2013,417.30
4/8/2013,1124.33
4/8/2013,2190.00
4/8/2013,496.59
4/8/2013,2340.00
4/8/2013,7580.00
4/8/2013,429.90
4/8/2013,25980.00
4/8/2013,10128.00
4/8/2013,1548.00
4/9/2013,1290.00
4/9/2013,29970.00
4/9/2013,3290.00
4/9/2013,1199.90
4/9/2013,229.90
4/9/2013,1090.00
4/9/2013,8341.10
4/9/2013,440.00
4/9/2013,2599.90
4/9/2013,17000.00
4/9/2013,119.00
4/10/2013,950.00
4/10/2013,2510.00
4/10/2013,2000.00
4/10/2013,2090.00
4/10/2013,129.90
4/10/2013,2680.00
4/10/2013,4220.00
4/10/2013,3390.00
4/10/2013,3570.00
4/10/2013,499.90
4/10/2013,138.90
4/11/2013,2362.80
4/11/2013,429.90
4/11/2013,1590.00
4/11/2013,440.00
4/11/2013,27540.00
4/11/2013,7990.00
4/11/2013,8178.30
4/11/2013,139.00
4/11/2013,790.00
4/11/2013,1990.00
4/11/2013,2141.88
4/11/2013,229.00
4/11/2013,2000.00
4/12/2013,25980.00
4/12/2013,4699.70
4/12/2013,6370.00
4/12/2013,765.00
4/12/2013,1790.00
4/12/2013,1340.00
4/12/2013,3290.00
4/12/2013,179.90
4/12/2013,1969.00
4/12/2013,199.50
4/13/2013,249.90
4/13/2013,2690.00
4/13/2013,590.00
4/13/2013,1690.00
4/13/2013,9990.00
4/13/2013,5360.00
4/13/2013,1290.00
4/13/2013,169.90
4/13/2013,2656.40
4/13/2013,150.68
4/13/2013,150.68
4/13/2013,179.90
4/13/2013,4744.40
4/13/2013,474.40
4/13/2013,2800.00
4/13/2013,1650.00
4/13/2013,2064.80
4/13/2013,780.00
4/14/2013,269.00
4/14/2013,44720.00
4/14/2013,670.00
4/14/2013,690.00
4/14/2013,5980.00
4/14/2013,4660.00
4/14/2013,1799.90
4/14/2013,5970.00
4/14/2013,2000.00
4/15/2013,8376.00
4/15/2013,790.00
4/15/2013,1980.00
4/15/2013,3290.00
4/15/2013,2300.00
4/15/2013,6240.00
4/15/2013,2510.00
4/15/2013,3000.00
4/15/2013,1480.00
4/15/2013,165.00
4/15/2013,779.90
4/15/2013,9800.00
4/15/2013,405.50
4/15/2013,229.90
4/15/2013,289.90
4/15/2013,197.73
4/15/2013,11180.00
4/15/2013,2309.00
4/16/2013,419.90
4/16/2013,4699.70
4/16/2013,1203.60
4/16/2013,6890.00
4/16/2013,478.49
4/16/2013,3451.00
4/16/2013,1390.00
4/16/2013,2599.90
4/16/2013,3320.00
4/16/2013,3290.00
4/16/2013,4056.00
4/16/2013,7160.00
4/16/2013,95.00
4/17/2013,9380.00
4/17/2013,990.00
4/17/2013,24990.00
4/17/2013,6190.00
4/17/2013,1845.00
4/17/2013,3100.00
4/17/2013,405.50
4/17/2013,1290.00
4/17/2013,1199.90
4/17/2013,2900.00
4/17/2013,8690.00
4/17/2013,8268.00
4/17/2013,6550.00
4/17/2013,269.90
4/18/2013,4399.00
4/18/2013,2000.00
4/18/2013,299.00
4/18/2013,2999.90
4/18/2013,599.90
4/18/2013,6450.00
4/18/2013,790.00
4/18/2013,11980.00
4/18/2013,8180.00
4/18/2013,2832.00
4/18/2013,1790.00
4/18/2013,3680.00
4/18/2013,3380.00
4/19/2013,2190.00
4/19/2013,1900.00
4/19/2013,6460.00
4/19/2013,2148.00
4/19/2013,1404.20
4/19/2013,159.00
4/19/2013,1020.00
4/19/2013,812.00
4/19/2013,5880.00
4/19/2013,1880.00
4/19/2013,990.00
4/19/2013,15600.00
4/19/2013,13980.00
4/19/2013,159.00
4/19/2013,3580.00
4/19/2013,1990.00
4/19/2013,499.90
4/20/2013,25980.00
4/20/2013,1340.00
4/20/2013,5497.00
4/20/2013,2583.83
4/20/2013,159.00
4/20/2013,6380.00
4/20/2013,1090.00
4/21/2013,249.90
4/21/2013,3100.00
4/21/2013,1188.00
4/21/2013,537.92
4/21/2013,3228.00
4/21/2013,3422.00
4/21/2013,569.00
4/21/2013,798.00
4/22/2013,5880.00
4/22/2013,1099.90
4/22/2013,2290.00
4/22/2013,6560.00
4/22/2013,289.90
4/22/2013,30320.00
4/22/2013,289.90
4/22/2013,269.00
4/22/2013,504.00
4/22/2013,3619.20
4/22/2013,2590.00
4/22/2013,209.60
4/22/2013,2990.00
4/22/2013,26552.50
4/22/2013,2890.00
4/22/2013,6760.00
4/22/2013,1590.00
4/22/2013,29488.20
4/22/2013,2510.00
4/22/2013,1880.00
4/22/2013,69.50
4/22/2013,6550.00
4/23/2013,1650.00
4/23/2013,3343.90
4/23/2013,8900.00
4/23/2013,1360.00
4/23/2013,159.00
4/23/2013,4362.00
4/23/2013,11980.00
4/23/2013,255.00
4/23/2013,8600.00
4/23/2013,19116.00
4/23/2013,4320.00
4/23/2013,3510.00
4/23/2013,499.80
4/23/2013,7188.00
4/23/2013,2810.00
4/24/2013,759.90
4/24/2013,3190.00
4/24/2013,3090.00
4/24/2013,298.35
4/24/2013,1999.50
4/24/2013,1980.00
4/24/2013,4362.00
4/24/2013,6520.00
4/24/2013,3280.00
4/24/2013,39856.70
4/24/2013,438.10
4/24/2013,9600.00
4/25/2013,469.90
4/25/2013,2190.00
4/25/2013,499.90
4/25/2013,3100.00
4/25/2013,95.00
4/25/2013,8800.00
4/25/2013,990.00
4/25/2013,4890.00
4/25/2013,347.88
4/25/2013,22740.00
4/25/2013,215.70
4/25/2013,1183.20
4/25/2013,159.00
4/25/2013,1580.00
4/25/2013,2990.00
4/25/2013,2670.00
4/25/2013,8890.00
4/26/2013,11.40
4/26/2013,129.50
4/26/2013,1380.40
4/26/2013,6879.60
4/26/2013,6570.00
4/26/2013,2510.00
4/26/2013,7686.90
4/26/2013,3380.00
4/26/2013,155.00
4/26/2013,7580.00
4/26/2013,2510.00
4/26/2013,499.90
4/26/2013,3018.60
4/26/2013,510.40
4/27/2013,139.00
4/27/2013,1099.90
4/27/2013,6990.00
4/27/2013,2475.20
4/27/2013,138.90
4/27/2013,990.00
4/27/2013,5639.64
4/27/2013,1799.90
4/27/2013,1178.10
4/27/2013,99.90
4/27/2013,9.50
4/27/2013,68850.00
4/27/2013,1700.00
4/27/2013,6550.00
4/28/2013,779.90
4/28/2013,119.00
4/28/2013,5860.00
4/28/2013,6040.00
4/28/2013,3260.00
4/28/2013,5890.00
4/28/2013,3421.88
4/28/2013,2360.00
4/28/2013,10000.00
4/28/2013,6330.00
4/28/2013,1496.40
4/28/2013,2190.00
4/29/2013,5990.00
4/29/2013,11.02
4/29/2013,2725.10
4/29/2013,3829.50
4/29/2013,6000.00
4/29/2013,6190.00
4/29/2013,129.50
4/29/2013,2990.00
4/29/2013,990.00
4/29/2013,3020.00
4/29/2013,95.00
4/29/2013,15800.00
4/30/2013,138.90
4/30/2013,550.00
4/30/2013,690.00
4/30/2013,573.30
4/30/2013,4199.40
4/30/2013,330.00
4/30/2013,9990.00
4/30/2013,6990.00
4/30/2013,3919.00
4/30/2013,1612.40
5/1/2013,5880.00
5/1/2013,11044.80
5/1/2013,4362.00
5/1/2013,3000.00
5/1/2013,336.28
5/1/2013,2310.00
5/1/2013,499.90
5/1/2013,2400.00
5/1/2013,58976.40
5/1/2013,9.50
5/1/2013,8500.00
5/1/2013,1290.00
5/2/2013,2320.00
5/2/2013,5788.40
5/2/2013,1390.00
5/2/2013,1799.90
5/2/2013,7661.00
5/2/2013,749.70
5/2/2013,910.00
5/2/2013,417.30
5/2/2013,2670.00
5/2/2013,503.88
5/2/2013,2790.00
5/2/2013,199.50
5/2/2013,2080.00
5/2/2013,2670.00
5/2/2013,1825.48
5/2/2013,2186.60
5/2/2013,420.00
5/3/2013,4270.00
5/3/2013,599.90
5/3/2013,2899.90
5/3/2013,2090.00
5/3/2013,1099.50
5/4/2013,1845.00
5/4/2013,1869.00
5/4/2013,1690.00
5/4/2013,12990.00
5/4/2013,142.80
5/4/2013,1998.00
5/4/2013,138.90
5/4/2013,599.90
5/4/2013,1999.50
5/4/2013,29738.10
5/5/2013,3528.20
5/5/2013,155.00
5/5/2013,5011.20
5/5/2013,129.90
5/5/2013,11760.00
5/5/2013,9800.00
5/5/2013,6370.00
5/5/2013,2900.00
5/5/2013,269.90
5/5/2013,7140.00
5/6/2013,10798.00
5/6/2013,243.60
5/6/2013,469.90
5/6/2013,138.04
5/6/2013,1299.00
5/6/2013,2680.00
5/6/2013,4110.00
5/6/2013,1099.90
5/6/2013,3280.00
5/6/2013,1290.00
5/7/2013,9990.00
5/7/2013,1210.00
5/7/2013,45900.00
5/7/2013,3690.00
5/7/2013,1299.00
5/7/2013,6390.00
5/7/2013,5988.00
5/7/2013,1900.00
5/7/2013,15922.00
5/7/2013,359.90
5/7/2013,1800.00
5/8/2013,5990.00
5/8/2013,3100.00
5/8/2013,2900.00
5/8/2013,2599.90
5/8/2013,2380.00
5/8/2013,18570.00
5/8/2013,269.00
5/8/2013,130.00
5/8/2013,1880.00
5/8/2013,95.00
5/9/2013,3990.00
5/9/2013,10324.00
5/9/2013,1199.90
5/9/2013,417.30
5/9/2013,2090.00
5/9/2013,179.90
5/9/2013,3290.00
5/9/2013,15200.00
5/9/2013,1099.50
5/9/2013,1980.00
5/9/2013,405.50
5/9/2013,3996.00
5/10/2013,4320.00
5/10/2013,589.88
5/10/2013,8560.00
5/10/2013,4362.00
5/10/2013,9999.80
5/10/2013,5790.00
5/10/2013,486.60
5/10/2013,230.00
5/10/2013,3290.00
5/10/2013,165.00
5/10/2013,3348.00
5/11/2013,1872.00
5/11/2013,3266.50
5/11/2013,1990.00
5/11/2013,3499.50
5/11/2013,2214.00
5/11/2013,2680.00
5/11/2013,1650.00
5/11/2013,129.50
5/11/2013,1290.00
5/11/2013,19600.00
5/11/2013,3010.00
5/11/2013,29970.00
5/11/2013,1799.90
5/11/2013,1290.00
5/12/2013,4000.20
5/12/2013,2290.00
5/12/2013,674.00
5/12/2013,17370.00
5/12/2013,6990.00
5/12/2013,4797.00
5/12/2013,130.00
5/12/2013,1522.20
5/12/2013,260.00
5/12/2013,1480.00
5/12/2013,4020.00
5/12/2013,5680.00
5/12/2013,1290.00
5/12/2013,2900.00
5/13/2013,1159.88
5/13/2013,19760.00
5/13/2013,2510.00
5/13/2013,6973.20
5/13/2013,115.00
5/13/2013,2656.40
5/13/2013,2190.00
5/13/2013,6460.00
5/13/2013,6200.00
5/13/2013,12990.00
5/14/2013,959.50
5/14/2013,550.00
5/14/2013,299.00
5/14/2013,1998.00
5/14/2013,3364.00
5/14/2013,6120.00
5/14/2013,3287.70
5/14/2013,2770.80
5/14/2013,179.90
5/14/2013,1800.00
5/15/2013,30916.20
5/15/2013,3352.40
5/15/2013,1290.00
5/15/2013,424.68
5/15/2013,3340.00
5/15/2013,599.70
5/15/2013,1020.00
5/15/2013,238.00
5/15/2013,250.00
5/15/2013,780.00
5/16/2013,812.00
5/16/2013,2890.00
5/16/2013,8380.00
5/16/2013,3190.00
5/16/2013,717.00
5/16/2013,3392.88
5/16/2013,3340.00
5/16/2013,34760.00
5/16/2013,2283.61
5/16/2013,6320.00
5/16/2013,3259.60
5/16/2013,1090.00
5/16/2013,289.90
5/16/2013,4320.00
5/16/2013,5790.00
5/16/2013,9990.00
5/17/2013,959.50
5/17/2013,790.00
5/17/2013,1064.70
5/17/2013,69.50
5/17/2013,2900.00
5/17/2013,6424.81
5/17/2013,12990.00
5/18/2013,490.00
5/18/2013,12990.00
5/18/2013,2780.00
5/18/2013,3162.40
5/18/2013,315.78
5/18/2013,129.90
5/18/2013,1390.00
5/18/2013,1860.30
5/18/2013,23276.70
5/18/2013,1340.00
5/18/2013,1290.00
5/18/2013,500.00
5/19/2013,1630.00
5/19/2013,11.02
5/19/2013,2550.00
5/19/2013,3290.00
5/19/2013,5990.00
5/19/2013,6570.00
5/19/2013,1780.00
5/20/2013,3580.00
5/20/2013,5890.00
5/20/2013,318.48
5/20/2013,269.90
5/20/2013,1099.90
5/20/2013,228.90
5/20/2013,6000.00
5/20/2013,965.09
5/20/2013,6890.00
5/20/2013,2999.90
5/21/2013,509.90
5/21/2013,279.00
5/21/2013,690.00
5/21/2013,184.44
5/21/2013,690.00
5/21/2013,3280.00
5/21/2013,2280.00
5/22/2013,8190.00
5/22/2013,256.90
5/22/2013,5360.00
5/22/2013,3816.40
5/22/2013,1590.00
5/22/2013,590.00
5/22/2013,3190.00
5/22/2013,7077.64
5/23/2013,1990.00
5/23/2013,3100.00
5/23/2013,6390.00
5/23/2013,2308.40
5/23/2013,2090.00
5/23/2013,924.30
5/23/2013,920.28
5/23/2013,3010.00
5/23/2013,6320.00
5/23/2013,228.90
5/24/2013,15000.00
5/24/2013,2550.00
5/24/2013,135.00
5/24/2013,3584.40
5/24/2013,3499.50
5/24/2013,2990.00
5/24/2013,2000.00
5/24/2013,6890.00
5/24/2013,990.00
5/24/2013,3211.81
5/24/2013,3260.00
5/24/2013,1790.00
5/24/2013,4362.00
5/24/2013,2510.00
5/24/2013,470.38
5/24/2013,990.00
5/24/2013,99.90
5/24/2013,884.65
5/24/2013,159.00
5/24/2013,4990.00
5/24/2013,7580.00
5/25/2013,3260.00
5/25/2013,1210.00
5/25/2013,2890.00
5/25/2013,2280.00
5/25/2013,4455.60
5/25/2013,369.90
5/25/2013,2690.00
5/25/2013,1799.90
5/25/2013,3499.50
5/25/2013,569.00
5/25/2013,799.80
5/25/2013,1339.64
5/25/2013,15600.00
5/25/2013,8890.00
5/25/2013,10015.20
5/25/2013,2679.60
5/25/2013,580.00
5/25/2013,1960.00
5/25/2013,506.40
5/26/2013,2308.40
5/26/2013,229.90
5/26/2013,27540.00
5/26/2013,1160.00
5/26/2013,2290.00
5/26/2013,1969.00
5/26/2013,470.82
5/26/2013,900.00
5/26/2013,133.40
5/26/2013,18469.52
5/26/2013,2300.00
5/26/2013,2990.00
5/26/2013,469.90
5/26/2013,1980.00
5/26/2013,2670.00
5/26/2013,2670.00
5/27/2013,2899.90
5/27/2013,229.90
5/27/2013,4999.90
5/27/2013,153.40
5/27/2013,795.32
5/27/2013,1969.00
5/27/2013,550.00
5/27/2013,379.50
5/28/2013,2680.00
5/28/2013,2900.00
5/28/2013,417.30
5/28/2013,424.68
5/28/2013,99.90
5/28/2013,3894.00
5/28/2013,4399.00
5/28/2013,1980.00
5/28/2013,2280.00
5/28/2013,1183.20
5/28/2013,5300.04
5/28/2013,162.51
5/28/2013,165.00
5/28/2013,1499.50
5/28/2013,1290.00
5/29/2013,1630.00
5/29/2013,239.00
5/29/2013,828.00
5/29/2013,129.90
5/29/2013,2290.00
5/29/2013,405.50
5/29/2013,690.30
5/29/2013,1290.00
5/29/2013,419.90
5/29/2013,2772.00
5/29/2013,5980.00
5/30/2013,545.08
5/30/2013,1690.00
5/30/2013,4800.00
5/31/2013,5890.00
5/31/2013,1509.30
5/31/2013,2958.00
5/31/2013,910.00
5/31/2013,3591.60
5/31/2013,245.23
5/31/2013,405.50
5/31/2013,6990.00
5/31/2013,2290.00
5/31/2013,2499.90
5/31/2013,2784.80
5/31/2013,165.00
5/31/2013,239.00
5/31/2013,130.00
6/1/2013,1360.00
6/1/2013,674.00
6/1/2013,1770.00
6/1/2013,2368.10
6/1/2013,279.00
6/1/2013,1980.00
6/1/2013,8540.00
6/1/2013,2990.00
6/1/2013,129.90
6/1/2013,4890.90
6/1/2013,7980.00
6/1/2013,1900.00
6/1/2013,2680.00
6/1/2013,8724.00
6/2/2013,2190.00
6/2/2013,500.00
6/2/2013,1548.00
6/2/2013,959.50
6/2/2013,4100.00
6/2/2013,99.90
6/2/2013,3439.10
6/2/2013,369.90
6/2/2013,279.00
6/2/2013,539.80
6/2/2013,2293.20
6/2/2013,1990.00
6/3/2013,4416.00
6/3/2013,3120.00
6/3/2013,1290.00
6/3/2013,2309.00
6/3/2013,1990.00
6/3/2013,578.80
6/3/2013,5580.00
6/3/2013,1290.00
6/3/2013,1360.00
6/3/2013,255.00
6/3/2013,4270.00
6/4/2013,6790.00
6/4/2013,3108.80
6/4/2013,1188.00
6/4/2013,438.10
6/4/2013,1340.00
6/4/2013,6390.00
6/4/2013,4699.70
6/4/2013,198.78
6/4/2013,1348.00
6/5/2013,932.16
6/5/2013,2761.20
6/5/2013,237.88
6/5/2013,3123.90
6/5/2013,4503.00
6/5/2013,974.40
6/5/2013,3463.20
6/5/2013,11292.60
6/5/2013,7580.00
6/5/2013,719.88
6/5/2013,2819.77
6/5/2013,24814.50
6/5/2013,4442.22
6/5/2013,3177.30
6/5/2013,7656.00
6/5/2013,1736.40
6/5/2013,491.28
6/5/2013,7008.30
6/6/2013,3552.00
6/6/2013,1357.20
6/6/2013,3600.00
6/6/2013,828.00
6/6/2013,9998.00
6/6/2013,191.40
6/6/2013,289.90
6/6/2013,3112.20
6/6/2013,342.08
6/6/2013,18252.00
6/6/2013,4317.30
6/6/2013,2748.00
6/6/2013,3060.00
6/6/2013,2316.60
6/6/2013,231.88
6/6/2013,7110.00
6/7/2013,6000.00
6/7/2013,3060.00
6/7/2013,2680.00
6/7/2013,11.31
6/7/2013,7128.10
6/7/2013,752.30
6/7/2013,3588.00
6/7/2013,462.84
6/7/2013,781.84
6/7/2013,2080.00
6/7/2013,5880.00
6/7/2013,3372.00
6/8/2013,405.50
6/8/2013,3480.00
6/8/2013,2412.80
6/8/2013,2028.00
6/8/2013,1308.00
6/8/2013,2388.00
6/8/2013,5234.40
6/8/2013,492.41
6/8/2013,2100.40
6/8/2013,35664.30
6/8/2013,3372.00
6/9/2013,3588.00
6/9/2013,2328.30
6/9/2013,151.92
6/9/2013,1632.00
6/9/2013,1548.00
6/9/2013,3216.00
6/9/2013,7598.00
6/9/2013,2312.80
6/9/2013,2940.00
6/9/2013,4788.00
6/10/2013,2028.00
6/10/2013,4320.00
6/10/2013,2242.00
6/10/2013,230.00
6/10/2013,273.58
6/10/2013,2123.88
6/10/2013,8190.00
6/10/2013,3290.00
6/10/2013,2316.60
6/10/2013,327.60
6/10/2013,694.56
6/10/2013,2999.90
6/10/2013,8318.10
6/10/2013,154.11
6/10/2013,8944.40
6/10/2013,23552.80
6/10/2013,10668.00
6/10/2013,1700.00
6/10/2013,7200.00
6/11/2013,258.84
6/11/2013,21360.00
6/11/2013,2256.00
6/11/2013,2388.00
6/11/2013,7068.20
6/11/2013,3912.00
6/11/2013,12051.00
6/11/2013,514.80
6/11/2013,8388.00
6/11/2013,6348.00
6/11/2013,3590.76
6/11/2013,2702.20
6/11/2013,3000.00
6/11/2013,14196.30
6/12/2013,575.40
6/12/2013,8798.00
6/12/2013,704.72
6/12/2013,1188.00
6/12/2013,330.40
6/12/2013,151.92
6/12/2013,2310.00
6/12/2013,2628.00
6/12/2013,16152.00
6/12/2013,129.50
6/12/2013,1380.40
6/12/2013,3948.00
6/12/2013,1548.00
6/13/2013,3468.00
6/13/2013,6348.00
6/13/2013,1428.00
6/13/2013,417.30
6/13/2013,2550.00
6/13/2013,4152.80
6/13/2013,3528.20
6/13/2013,138.04
6/13/2013,2211.30
6/13/2013,11800.00
6/13/2013,5990.00
6/14/2013,3248.00
6/14/2013,272.39
6/14/2013,2496.00
6/14/2013,2737.60
6/14/2013,3228.00
6/14/2013,34594.00
6/14/2013,512.60
6/14/2013,11256.00
6/14/2013,3360.00
6/14/2013,1799.90
6/14/2013,1251.90
6/14/2013,704.42
6/14/2013,940.10
6/15/2013,2772.00
6/15/2013,3000.00
6/15/2013,11788.20
6/15/2013,463.98
6/15/2013,2130.10
6/15/2013,13192.40
6/15/2013,2379.41
6/15/2013,652.40
6/15/2013,2000.00
6/15/2013,2094.30
6/15/2013,5984.60
6/15/2013,3315.80
6/15/2013,2737.60
6/15/2013,3593.80
6/15/2013,3060.00
6/16/2013,2302.80
6/16/2013,3948.00
6/16/2013,2284.04
6/16/2013,3619.20
6/16/2013,4164.41
6/16/2013,369.90
6/16/2013,1608.00
6/16/2013,4056.00
6/16/2013,3070.20
6/16/2013,3135.60
6/16/2013,2396.60
6/16/2013,5612.70
6/16/2013,4595.40
6/16/2013,466.83
6/16/2013,142.80
6/16/2013,4260.20
6/16/2013,1668.00
6/17/2013,14112.00
6/17/2013,959.50
6/17/2013,359.40
6/17/2013,379.50
6/17/2013,889.08
6/17/2013,11988.00
6/17/2013,270.10
6/17/2013,1290.00
6/17/2013,3882.20
6/17/2013,6990.00
6/18/2013,14028.30
6/18/2013,2186.73
6/18/2013,665.73
6/18/2013,5760.00
6/18/2013,578.80
6/18/2013,199.00
6/18/2013,156.00
6/18/2013,1137.60
6/18/2013,3576.00
6/18/2013,11988.00
6/18/2013,3216.00
6/18/2013,192.00
6/18/2013,10272.00
6/18/2013,3433.60
6/18/2013,1920.00
6/18/2013,3596.00
6/18/2013,1535.10
6/18/2013,10600.08
6/18/2013,932.16
6/19/2013,3590.76
6/19/2013,182.90
6/19/2013,4826.20
6/19/2013,15458.10
6/19/2013,4908.00
6/19/2013,1071.00
6/19/2013,809.20
6/19/2013,7188.00
6/19/2013,3015.88
6/20/2013,2199.60
6/20/2013,2628.00
6/20/2013,5425.64
6/20/2013,3612.00
6/20/2013,7584.00
6/20/2013,7428.00
6/20/2013,186.00
6/20/2013,780.00
6/20/2013,578.20
6/20/2013,6948.40
6/20/2013,467.88
6/20/2013,2393.60
6/20/2013,2388.00
6/20/2013,4446.00
6/20/2013,2159.88
6/20/2013,6816.00
6/20/2013,4804.20
6/21/2013,1746.40
6/21/2013,166.80
6/21/2013,276.00
6/21/2013,1632.00
6/21/2013,7440.00
6/21/2013,1319.88
6/21/2013,10614.50
6/21/2013,4391.10
6/21/2013,2800.00
6/21/2013,2309.00
6/21/2013,7304.20
6/21/2013,83.40
6/21/2013,2628.00
6/21/2013,719.88
6/21/2013,5690.00
6/22/2013,1969.00
6/22/2013,169.00
6/22/2013,508.20
6/22/2013,1140.00
6/22/2013,323.88
6/22/2013,3849.30
6/22/2013,2960.00
6/22/2013,3736.60
6/22/2013,7944.30
6/23/2013,3720.00
6/23/2013,3201.10
6/23/2013,2090.00
6/23/2013,6816.00
6/23/2013,2691.00
6/23/2013,1908.00
6/23/2013,1308.88
6/23/2013,267.81
6/23/2013,4354.20
6/23/2013,35264.70
6/23/2013,10234.00
6/23/2013,1190.00
6/23/2013,15198.30
6/24/2013,9588.00
6/24/2013,999.90
6/24/2013,7061.83
6/24/2013,114.00
6/24/2013,1896.00
6/24/2013,3720.00
6/24/2013,606.78
6/24/2013,2123.88
6/24/2013,935.88
6/24/2013,2690.40
6/25/2013,3627.00
6/25/2013,169.90
6/25/2013,7752.00
6/25/2013,2628.00
6/25/2013,5880.00
6/25/2013,112.10
6/25/2013,932.16
6/25/2013,4805.00
6/25/2013,1548.00
6/26/2013,6990.00
6/26/2013,4428.00
6/26/2013,8388.00
6/26/2013,5517.60
6/26/2013,146.86
6/26/2013,677.20
6/26/2013,3588.00
6/26/2013,5784.00
6/26/2013,2628.00
6/26/2013,3954.60
6/26/2013,11.21
6/26/2013,3603.60
6/26/2013,6997.20
6/26/2013,13360.10
6/26/2013,719.88
6/26/2013,119.00
6/26/2013,478.80
6/27/2013,3588.00
6/27/2013,1099.90
6/27/2013,1776.00
6/27/2013,486.60
6/27/2013,3634.40
6/27/2013,4056.00
6/27/2013,3468.40
6/27/2013,475.88
6/27/2013,718.80
6/27/2013,2224.30
6/27/2013,407.88
6/27/2013,6879.60
6/27/2013,8148.00
6/27/2013,1980.00
6/27/2013,5424.00
6/28/2013,230.00
6/28/2013,2680.00
6/28/2013,6120.00
6/28/2013,2990.00
6/28/2013,4607.46
6/28/2013,540.27
6/28/2013,1535.10
6/28/2013,503.88
6/28/2013,138.90
6/28/2013,116.88
6/28/2013,4354.20
6/28/2013,1626.30
6/28/2013,1199.76
6/28/2013,1668.00
6/28/2013,6990.00
6/28/2013,2076.40
6/29/2013,8108.40
6/29/2013,9096.00
6/29/2013,3348.00
6/29/2013,359.90
6/29/2013,1168.20
6/29/2013,407.76
6/29/2013,1908.00
6/29/2013,139.23
6/29/2013,462.84
6/29/2013,7656.00
6/29/2013,129.50
6/29/2013,359.90
6/29/2013,1980.00
6/29/2013,10798.00
6/29/2013,297.38
6/30/2013,500.76
6/30/2013,153.28
6/30/2013,3380.00
6/30/2013,500.00
6/30/2013,359.60
6/30/2013,3468.00
6/30/2013,2148.00
6/30/2013,2130.10
6/30/2013,3558.10
6/30/2013,11507.30
6/30/2013,2280.00
6/30/2013,1612.40
6/30/2013,2262.00
6/30/2013,3108.00
6/30/2013,2808.40
6/30/2013,1908.00
6/30/2013,528.00
6/30/2013,1099.90
7/1/2013,1178.10
7/1/2013,4620.00
7/1/2013,17964.00
7/1/2013,802.16
7/1/2013,948.00
7/1/2013,2376.00
7/1/2013,233.42
7/2/2013,8200.50
7/2/2013,3260.00
7/2/2013,99.90
7/2/2013,1980.00
7/2/2013,4212.00
7/2/2013,8108.40
7/2/2013,249.90
7/3/2013,8388.00
7/3/2013,7188.00
7/3/2013,34678.80
7/3/2013,3510.00
7/3/2013,21060.00
7/3/2013,2990.00
7/3/2013,22344.00
7/3/2013,3174.20
7/3/2013,2780.00
7/4/2013,161.12
7/4/2013,237.41
7/4/2013,4703.40
7/4/2013,1720.80
7/4/2013,8108.40
7/4/2013,594.52
7/4/2013,6298.00
7/4/2013,5416.20
7/4/2013,1896.00
7/4/2013,10208.00
7/4/2013,3588.00
7/4/2013,3259.60
7/5/2013,359.40
7/5/2013,6396.63
7/5/2013,1121.00
7/5/2013,3597.60
7/5/2013,3216.00
7/5/2013,5424.00
7/5/2013,2159.88
7/5/2013,5184.00
7/5/2013,18088.00
7/5/2013,1608.00
7/6/2013,695.20
7/6/2013,9020.20
7/6/2013,382.68
7/6/2013,936.00
7/6/2013,5124.60
7/6/2013,1990.00
7/6/2013,1759.56
7/6/2013,8976.90
7/6/2013,589.88
7/6/2013,223.50
7/6/2013,194.13
7/6/2013,3380.00
7/6/2013,1900.00
7/6/2013,429.91
7/7/2013,175.91
7/7/2013,5103.54
7/7/2013,2237.20
7/7/2013,21384.30
7/7/2013,2368.10
7/7/2013,6790.00
7/8/2013,1663.44
7/8/2013,1392.30
7/8/2013,5174.40
7/8/2013,9288.03
7/8/2013,1776.00
7/8/2013,13746.00
7/8/2013,3012.00
7/8/2013,8.27
7/8/2013,1844.40
7/8/2013,1499.50
7/9/2013,812.00
7/9/2013,3216.00
7/9/2013,519.20
7/9/2013,15207.50
7/9/2013,595.00
7/9/2013,190.00
7/9/2013,162.51
7/9/2013,13692.92
7/9/2013,26851.50
7/9/2013,431.40
7/9/2013,790.00
7/9/2013,802.40
7/9/2013,199.90
7/10/2013,6270.00
7/10/2013,200.01
7/10/2013,3738.00
7/10/2013,3915.11
7/10/2013,4164.41
7/10/2013,16194.00
7/10/2013,6851.22
7/10/2013,277.80
7/10/2013,9535.20
7/10/2013,191.97
7/10/2013,355.91
7/11/2013,256.68
7/11/2013,193.05
7/11/2013,682.98
7/11/2013,4990.00
7/11/2013,4932.00
7/11/2013,9917.00
7/11/2013,2323.42
7/11/2013,1650.00
7/11/2013,6368.40
7/11/2013,3280.00
7/11/2013,3427.26
7/12/2013,1650.00
7/12/2013,8690.00
7/12/2013,2790.00
7/12/2013,2090.00
7/12/2013,269.00
7/12/2013,254.53
7/12/2013,10766.41
7/13/2013,2765.00
7/13/2013,6291.00
7/13/2013,11788.20
7/13/2013,3201.10
7/13/2013,2737.60
7/13/2013,7773.60
7/13/2013,2679.60
7/13/2013,7839.20
7/13/2013,267.81
7/13/2013,1690.00
7/13/2013,3849.30
7/13/2013,479.50
7/13/2013,271.28
7/13/2013,4540.80
7/13/2013,1650.00
7/13/2013,5128.90
7/14/2013,3580.00
7/14/2013,2748.90
7/14/2013,881.10
7/14/2013,3650.40
7/14/2013,490.00
7/14/2013,1705.20
7/14/2013,5560.00
7/14/2013,881.10
7/14/2013,17784.00
7/14/2013,2402.11
7/14/2013,14220.00
7/14/2013,8254.40
7/14/2013,4022.20
7/15/2013,3000.00
7/15/2013,7482.20
7/15/2013,56204.66
7/15/2013,1199.88
7/15/2013,3260.00
7/15/2013,4362.00
7/15/2013,12022.80
7/15/2013,3108.00
7/15/2013,10080.40
7/16/2013,2360.00
7/16/2013,5190.78
7/16/2013,8199.10
7/16/2013,2697.00
7/16/2013,1122.62
7/16/2013,8318.10
7/16/2013,809.20
7/17/2013,234.03
7/17/2013,5234.40
7/17/2013,500.00
7/17/2013,5698.50
7/17/2013,2540.40
7/17/2013,251.52
7/17/2013,4224.00
7/17/2013,26494.20
7/17/2013,3439.10
7/17/2013,444.02
7/17/2013,684.40
7/17/2013,179.90
7/17/2013,329.22
7/17/2013,1440.00
7/17/2013,8933.07
7/17/2013,5568.00
7/18/2013,1141.81
7/18/2013,7476.30
7/18/2013,7611.00
7/18/2013,4924.20
7/18/2013,180.96
7/18/2013,2836.20
7/18/2013,6330.00
7/18/2013,11688.30
7/19/2013,2316.60
7/19/2013,1876.20
7/19/2013,7659.00
7/19/2013,7068.00
7/19/2013,4990.00
7/19/2013,11950.00
7/20/2013,21886.48
7/20/2013,1848.60
7/20/2013,3009.00
7/20/2013,1743.30
7/20/2013,484.07
7/20/2013,1905.30
7/20/2013,3210.30
7/20/2013,1600.00
7/20/2013,300.57
7/20/2013,1994.20
7/21/2013,8970.00
7/21/2013,579.54
7/21/2013,3588.00
7/21/2013,11344.80
7/21/2013,239.00
7/21/2013,6774.30
7/21/2013,3082.10
7/22/2013,765.60
7/22/2013,6657.30
7/22/2013,130.00
7/22/2013,5416.20
7/22/2013,6560.00
7/22/2013,5055.20
7/22/2013,203.72
7/22/2013,2340.30
7/22/2013,7128.10
7/22/2013,1188.00
7/22/2013,6568.20
7/22/2013,17248.00
7/22/2013,2218.50
7/23/2013,2748.00
7/23/2013,496.59
7/23/2013,2038.10
7/23/2013,295.71
7/23/2013,9416.40
7/23/2013,245.52
7/23/2013,165.00
7/23/2013,3624.00
7/23/2013,391.60
7/23/2013,3849.30
7/23/2013,313.03
7/23/2013,6136.40
7/23/2013,4428.00
7/23/2013,1203.60
7/23/2013,3364.00
7/24/2013,184.80
7/24/2013,231.42
7/24/2013,165.29
7/24/2013,8178.30
7/24/2013,237.88
7/24/2013,3108.00
7/24/2013,4890.00
7/24/2013,3177.30
7/24/2013,138.00
7/25/2013,2974.88
7/25/2013,202.80
7/25/2013,3758.40
7/25/2013,2224.91
7/25/2013,141.90
7/25/2013,5038.60
7/25/2013,859.91
7/25/2013,4320.00
7/25/2013,3260.00
7/25/2013,3041.88
7/25/2013,3381.30
7/25/2013,2728.00
7/25/2013,474.44
7/25/2013,15068.40
7/25/2013,3804.80
7/25/2013,6990.00
7/25/2013,1998.00
7/26/2013,1776.00
7/26/2013,7200.00
7/26/2013,14756.00
7/26/2013,1380.60
7/26/2013,696.20
7/26/2013,3189.20
7/26/2013,3287.70
7/27/2013,3838.56
7/27/2013,6221.10
7/27/2013,1681.50
7/27/2013,2820.80
7/27/2013,1566.00
7/27/2013,802.06
7/27/2013,1599.90
7/27/2013,230.00
7/27/2013,1773.10
7/27/2013,1761.20
7/27/2013,3510.00
7/27/2013,3147.30
7/27/2013,1357.20
7/27/2013,2190.00
7/27/2013,1690.00
7/28/2013,4362.00
7/28/2013,2360.00
7/28/2013,1644.72
7/28/2013,329.22
7/28/2013,5788.40
7/28/2013,61.16
7/28/2013,85.91
7/28/2013,3096.00
7/28/2013,1630.00
7/28/2013,3331.67
7/28/2013,1677.78
7/29/2013,1012.00
7/29/2013,6948.40
7/29/2013,2550.00
7/29/2013,6221.10
7/29/2013,4976.40
7/29/2013,788.58
7/29/2013,7107.63
7/29/2013,197.80
7/29/2013,359.90
7/29/2013,514.80
7/29/2013,10254.20
7/29/2013,1845.00
7/29/2013,382.68
7/30/2013,3540.00
7/30/2013,3580.00
7/30/2013,932.20
7/30/2013,4152.80
7/30/2013,3509.88
7/30/2013,1535.10
7/30/2013,1930.50
7/30/2013,3300.00
7/30/2013,17936.00
7/30/2013,2961.80
7/30/2013,1264.20
7/30/2013,11.12
7/30/2013,202.18
7/31/2013,2320.00
7/31/2013,2661.10
7/31/2013,3580.00
7/31/2013,200.01
7/31/2013,924.30
7/31/2013,428.28
7/31/2013,7604.10
7/31/2013,3936.00
7/31/2013,467.88
7/31/2013,1136.65
7/31/2013,166.68
7/31/2013,5781.60
7/31/2013,2180.80
8/1/2013,1340.00
8/1/2013,235.88
8/1/2013,6588.00
8/1/2013,1286.88
8/1/2013,1390.00
8/1/2013,6757.00
8/1/2013,1696.50
8/1/2013,11280.00
8/1/2013,10001.40
8/1/2013,6792.00
8/1/2013,1042.84
8/1/2013,1880.00
8/1/2013,2601.30
8/2/2013,5838.30
8/2/2013,932.16
8/2/2013,5808.00
8/2/2013,3078.80
8/2/2013,1699.90
8/2/2013,5494.61
8/2/2013,431.88
8/2/2013,10234.00
8/2/2013,1548.00
8/3/2013,950.00
8/3/2013,229.00
8/3/2013,159.30
8/3/2013,4678.83
8/3/2013,293.61
8/3/2013,3570.00
8/3/2013,816.00
8/3/2013,1304.91
8/3/2013,891.00
8/3/2013,2195.55
8/4/2013,159.00
8/4/2013,790.00
8/4/2013,2606.10
8/4/2013,5980.00
8/4/2013,2280.00
8/5/2013,1650.00
8/5/2013,2550.00
8/5/2013,2237.20
8/5/2013,3304.00
8/5/2013,3588.00
8/5/2013,3120.00
8/5/2013,990.00
8/5/2013,5000.00
8/5/2013,2024.00
8/6/2013,267.81
8/6/2013,694.20
8/6/2013,695.88
8/6/2013,2605.10
8/6/2013,3634.40
8/6/2013,1927.20
8/6/2013,258.01
8/6/2013,3999.60
8/6/2013,7068.20
8/6/2013,2725.80
8/7/2013,4224.40
8/7/2013,3259.60
8/7/2013,5184.00
8/7/2013,5234.81
8/7/2013,1078.80
8/7/2013,4362.00
8/7/2013,6990.00
8/7/2013,1409.77
8/7/2013,5990.00
8/7/2013,5800.00
8/7/2013,3558.30
8/7/2013,1275.88
8/7/2013,126.60
8/8/2013,6856.20
8/8/2013,237.88
8/8/2013,4291.40
8/8/2013,140.42
8/8/2013,1397.08
8/8/2013,6891.30
8/8/2013,17408.40
8/8/2013,4442.22
8/8/2013,8248.20
8/8/2013,2180.80
8/8/2013,21382.87
8/9/2013,1557.60
8/9/2013,312.00
8/9/2013,4362.00
8/9/2013,1632.00
8/9/2013,2400.00
8/9/2013,3696.00
8/9/2013,440.00
8/9/2013,3522.40
8/10/2013,3381.30
8/10/2013,2580.00
8/10/2013,1345.60
8/10/2013,5494.61
8/10/2013,690.30
8/10/2013,1548.60
8/10/2013,4518.81
8/10/2013,6622.20
8/10/2013,1660.50
8/10/2013,2280.00
8/10/2013,2394.60
8/11/2013,7428.00
8/11/2013,3042.00
8/11/2013,99.90
8/11/2013,15327.00
8/11/2013,1064.70
8/11/2013,1771.10
8/11/2013,151.52
8/11/2013,6600.40
8/11/2013,1020.00
8/11/2013,8199.10
8/12/2013,12162.60
8/12/2013,273.58
8/12/2013,3364.00
8/12/2013,2731.80
8/12/2013,2290.00
8/12/2013,2376.00
8/12/2013,1509.30
8/12/2013,11876.20
8/12/2013,8388.00
8/13/2013,1135.20
8/13/2013,7140.00
8/13/2013,26696.00
8/13/2013,6948.00
8/13/2013,5616.00
8/13/2013,2158.60
8/13/2013,10469.62
8/13/2013,11849.70
8/13/2013,326.43
8/13/2013,6423.62
8/13/2013,272.39
8/13/2013,13864.15
8/13/2013,12660.00
8/13/2013,981.00
8/13/2013,2416.60
8/14/2013,5232.50
8/14/2013,936.00
8/14/2013,8318.10
8/14/2013,3700.40
8/14/2013,7580.00
8/14/2013,15198.30
8/14/2013,336.00
8/15/2013,1844.40
8/15/2013,7447.20
8/15/2013,95.00
8/15/2013,636.96
8/15/2013,172.79
8/15/2013,4000.00
8/15/2013,6659.70
8/15/2013,3360.00
8/15/2013,5148.00
8/15/2013,2296.20
8/15/2013,7111.10
8/15/2013,6397.82
8/15/2013,2661.10
8/15/2013,3516.40
8/15/2013,4270.00
8/16/2013,2628.00
8/16/2013,2385.20
8/16/2013,29994.00
8/16/2013,523.60
8/16/2013,5190.30
8/16/2013,18776.50
8/16/2013,5399.00
8/16/2013,1168.20
8/16/2013,1760.00
8/16/2013,3343.90
8/16/2013,2148.00
8/16/2013,1799.88
8/16/2013,1654.10
8/17/2013,1071.00
8/17/2013,800.11
8/17/2013,289.88
8/17/2013,24990.00
8/17/2013,5860.00
8/17/2013,3363.88
8/17/2013,569.28
8/17/2013,424.68
8/17/2013,165.29
8/18/2013,6081.30
8/18/2013,299.00
8/18/2013,7515.20
8/18/2013,3516.00
8/18/2013,115.61
8/18/2013,227.33
8/18/2013,4318.80
8/18/2013,932.20
8/18/2013,5471.62
8/19/2013,152.10
8/19/2013,18802.00
8/19/2013,1680.00
8/19/2013,6616.40
8/19/2013,3596.00
8/19/2013,3264.30
8/19/2013,6291.00
8/19/2013,9990.00
8/19/2013,3450.88
8/19/2013,2990.00
8/19/2013,1705.20
8/19/2013,1699.90
8/19/2013,2270.40
8/19/2013,602.33
8/19/2013,3266.50
8/19/2013,2936.70
8/19/2013,2736.00
8/20/2013,974.40
8/20/2013,1971.00
8/20/2013,2999.00
8/20/2013,1496.40
8/20/2013,5062.20
8/20/2013,7580.00
8/20/2013,6990.00
8/20/2013,292.50
8/20/2013,948.30
8/20/2013,8690.00
8/20/2013,2999.90
8/21/2013,1079.70
8/21/2013,14388.00
8/21/2013,6605.10
8/21/2013,5448.63
8/21/2013,1148.10
8/21/2013,1980.00
8/21/2013,82.01
8/21/2013,2772.00
8/21/2013,142.80
8/21/2013,674.00
8/21/2013,6190.00
8/21/2013,3380.00
8/21/2013,347.91
8/21/2013,2656.40
8/21/2013,6759.20
8/21/2013,1869.00
8/22/2013,1478.91
8/22/2013,1286.88
8/22/2013,3572.80
8/22/2013,6457.50
8/22/2013,6270.00
8/22/2013,1168.20
8/22/2013,2790.00
8/22/2013,4034.10
8/23/2013,1390.00
8/23/2013,321.18
8/23/2013,2990.00
8/23/2013,3846.80
8/23/2013,116.55
8/24/2013,3034.50
8/24/2013,431.20
8/24/2013,234.82
8/24/2013,707.88
8/24/2013,702.10
8/24/2013,1784.41
8/25/2013,7188.00
8/25/2013,3818.10
8/25/2013,907.80
8/25/2013,5416.20
8/25/2013,3570.00
8/25/2013,3100.00
8/25/2013,2300.00
8/25/2013,8080.10
8/25/2013,3491.60
8/25/2013,2076.40
8/25/2013,1720.80
8/25/2013,466.83
8/26/2013,420.00
8/26/2013,4702.80
8/26/2013,660.00
8/26/2013,2702.20
8/26/2013,3616.80
8/26/2013,15300.00
8/26/2013,3925.80
8/26/2013,1905.30
8/26/2013,1203.60
8/26/2013,272.39
8/26/2013,1111.50
8/26/2013,7482.00
8/26/2013,347.88
8/26/2013,661.11
8/26/2013,3119.88
8/26/2013,8248.20
8/26/2013,3560.84
8/27/2013,7686.90
8/27/2013,1885.00
8/27/2013,3108.00
8/27/2013,2990.00
8/27/2013,430.00
8/27/2013,2009.70
8/27/2013,7963.20
8/27/2013,1608.00
8/28/2013,3960.00
8/28/2013,948.00
8/28/2013,197.08
8/28/2013,4990.00
8/28/2013,138.90
8/28/2013,5392.20
8/28/2013,154.58
8/28/2013,2224.11
8/28/2013,7077.64
8/29/2013,3201.10
8/29/2013,8500.00
8/29/2013,4276.45
8/29/2013,1308.88
8/29/2013,1904.00
8/29/2013,695.88
8/29/2013,807.30
8/29/2013,981.00
8/29/2013,3690.00
8/29/2013,3199.80
8/29/2013,5690.00
8/29/2013,373.71
8/29/2013,138.90
8/29/2013,436.48
8/29/2013,6997.20
8/30/2013,1869.00
8/30/2013,11847.63
8/30/2013,4568.08
8/30/2013,7187.81
8/30/2013,95.00
8/30/2013,8248.20
8/30/2013,5007.20
8/30/2013,236.81
8/30/2013,612.00
8/30/2013,229.90
8/30/2013,1634.00
8/30/2013,3681.60
8/30/2013,3814.20
8/30/2013,3570.00
8/30/2013,3135.60
8/30/2013,5712.00
8/30/2013,2974.88
8/30/2013,499.60
8/31/2013,8318.47
8/31/2013,321.18
8/31/2013,1600.00
8/31/2013,19557.00
8/31/2013,3017.10
8/31/2013,3343.90
8/31/2013,2691.00
8/31/2013,502.98
8/31/2013,578.20
8/31/2013,3603.60
8/31/2013,253.20
8/31/2013,11368.00
8/31/2013,7740.00
8/31/2013,1496.40
9/1/2013,3175.80
9/1/2013,12956.40
9/1/2013,166.80
9/1/2013,2801.40
9/1/2013,5020.00
9/1/2013,3936.00
9/1/2013,5568.00
9/1/2013,2130.10
9/1/2013,1590.00
9/1/2013,365.80
9/1/2013,3665.20
9/1/2013,2397.60
9/1/2013,275.90
9/1/2013,928.20
9/1/2013,419.90
9/1/2013,1900.00
9/1/2013,7604.10
9/2/2013,9990.00
9/2/2013,2799.90
9/2/2013,677.20
9/2/2013,3287.70
9/2/2013,2499.90
9/2/2013,1290.00
9/2/2013,3300.00
9/3/2013,7661.00
9/3/2013,1509.30
9/3/2013,3480.00
9/3/2013,397.68
9/3/2013,5404.40
9/3/2013,3238.80
9/3/2013,1782.00
9/3/2013,2412.80
9/3/2013,179.90
9/3/2013,800.40
9/3/2013,5907.30
9/3/2013,3936.00
9/3/2013,1872.00
9/3/2013,151.92
9/3/2013,273.58
9/3/2013,20370.00
9/3/2013,5990.00
9/4/2013,2077.70
9/4/2013,138.33
9/4/2013,1479.00
9/4/2013,417.30
9/4/2013,2476.18
9/4/2013,18787.96
9/4/2013,4129.41
9/4/2013,8856.00
9/4/2013,3463.20
9/5/2013,295.93
9/5/2013,99.90
9/5/2013,569.00
9/5/2013,210.00
9/5/2013,6550.00
9/5/2013,699.90
9/5/2013,6320.00
9/5/2013,1090.00
9/5/2013,15600.00
9/5/2013,2930.00
9/5/2013,1599.90
9/5/2013,8500.00
9/5/2013,469.90
9/5/2013,4590.00
9/5/2013,1399.80
9/5/2013,420.00
9/5/2013,2499.90
9/6/2013,169.00
9/6/2013,2680.00
9/6/2013,1880.00
9/6/2013,329.90
9/6/2013,1432.00
9/6/2013,1432.00
9/6/2013,2670.00
9/6/2013,4110.00
9/6/2013,3100.00
9/6/2013,790.00
9/6/2013,1785.60
9/6/2013,1580.00
9/7/2013,115.00
9/7/2013,22950.00
9/7/2013,2900.00
9/7/2013,4618.00
9/7/2013,169.90
9/7/2013,2680.00
9/7/2013,9380.00
9/7/2013,2699.85
9/7/2013,3396.60
9/7/2013,1869.00
9/7/2013,2990.00
9/7/2013,85.68
9/7/2013,239.20
9/7/2013,524.40
9/7/2013,1885.00
9/7/2013,4362.00
9/7/2013,5256.00
9/7/2013,4580.00
9/7/2013,2990.00
9/7/2013,1499.90
9/8/2013,174.72
9/8/2013,22140.00
9/8/2013,2670.00
9/8/2013,5990.00
9/8/2013,754.80
9/8/2013,5152.80
9/8/2013,4598.00
9/8/2013,2080.00
9/8/2013,7380.00
9/8/2013,1900.00
9/8/2013,280.00
9/8/2013,3380.00
9/9/2013,12990.00
9/9/2013,200.05
9/9/2013,646.35
9/9/2013,5290.00
9/9/2013,6790.00
9/9/2013,289.37
9/9/2013,599.85
9/9/2013,4160.00
9/9/2013,9990.00
9/9/2013,990.00
9/9/2013,9224.60
9/9/2013,8690.00
9/9/2013,500.00
9/9/2013,4680.00
9/10/2013,9670.00
9/10/2013,4380.00
9/10/2013,104.00
9/10/2013,6570.00
9/10/2013,6000.00
9/10/2013,3100.00
9/10/2013,5560.00
9/10/2013,6730.00
9/10/2013,1800.00
9/10/2013,2790.00
9/11/2013,4380.00
9/11/2013,6270.00
9/11/2013,1980.00
9/11/2013,2300.00
9/11/2013,5000.00
9/11/2013,578.80
9/11/2013,2790.00
9/11/2013,3380.00
9/11/2013,4265.21
9/11/2013,465.00
9/11/2013,3690.00
9/12/2013,3390.00
9/12/2013,1490.00
9/12/2013,990.00
9/12/2013,1880.00
9/12/2013,95.00
9/12/2013,119.00
9/12/2013,5790.00
9/12/2013,5990.00
9/12/2013,513.80
9/12/2013,690.00
9/12/2013,590.00
9/12/2013,6800.00
9/13/2013,405.50
9/13/2013,2810.00
9/13/2013,5860.00
9/13/2013,602.85
9/13/2013,8690.00
9/13/2013,199.50
9/13/2013,249.90
9/13/2013,6990.00
9/13/2013,22950.00
9/13/2013,103.92
9/13/2013,2680.00
9/13/2013,3000.00
9/13/2013,5490.00
9/13/2013,2310.00
9/13/2013,6232.20
9/13/2013,3000.00
9/13/2013,3990.00
9/14/2013,6990.00
9/14/2013,2720.00
9/14/2013,1490.00
9/14/2013,7580.00
9/14/2013,22950.00
9/14/2013,2015.93
9/14/2013,5890.00
9/15/2013,2550.00
9/15/2013,22950.00
9/15/2013,229.90
9/15/2013,1210.00
9/15/2013,2900.80
9/15/2013,859.80
9/15/2013,2290.00
9/15/2013,1150.00
9/15/2013,389.90
9/15/2013,4590.00
9/15/2013,7440.00
9/16/2013,2290.00
9/16/2013,2499.90
9/16/2013,5000.00
9/16/2013,8890.00
9/16/2013,169.90
9/16/2013,6550.00
9/16/2013,8620.00
9/16/2013,9990.00
9/16/2013,2432.00
9/16/2013,2690.00
9/16/2013,11996.00
9/17/2013,1780.00
9/17/2013,2340.00
9/17/2013,499.90
9/17/2013,15200.00
9/17/2013,2899.90
9/17/2013,1290.00
9/17/2013,1434.00
9/17/2013,98.42
9/17/2013,179.90
9/17/2013,2000.00
9/17/2013,5290.00
9/17/2013,2790.00
9/17/2013,256.90
9/17/2013,138.90
9/17/2013,499.90
9/17/2013,15922.00
9/17/2013,578.80
9/17/2013,2090.00
9/18/2013,2990.00
9/18/2013,4990.00
9/18/2013,3090.00
9/18/2013,17070.00
9/18/2013,1190.00
9/18/2013,3220.00
9/18/2013,3600.00
9/18/2013,9670.00
9/18/2013,1470.00
9/18/2013,3829.50
9/19/2013,1020.00
9/19/2013,9.50
9/19/2013,103.60
9/19/2013,1434.00
9/19/2013,2599.90
9/19/2013,9990.00
9/19/2013,2900.00
9/20/2013,228.90
9/20/2013,1390.00
9/20/2013,15922.00
9/20/2013,6270.00
9/20/2013,266.33
9/20/2013,147.85
9/20/2013,1969.00
9/20/2013,5064.00
9/20/2013,199.50
9/20/2013,4320.00
9/20/2013,599.90
9/20/2013,1216.64
9/20/2013,521.30
9/20/2013,7200.00
9/20/2013,3260.00
9/21/2013,15922.00
9/21/2013,1390.00
9/21/2013,5399.00
9/21/2013,10000.00
9/21/2013,8380.00
9/21/2013,3000.00
9/21/2013,279.00
9/21/2013,4362.00
9/21/2013,329.90
9/21/2013,2690.00
9/21/2013,1099.90
9/21/2013,1980.00
9/21/2013,1480.00
9/21/2013,155.00
9/22/2013,7992.00
9/22/2013,779.90
9/22/2013,419.90
9/22/2013,1800.00
9/22/2013,165.00
9/22/2013,199.50
9/22/2013,2310.00
9/22/2013,3580.00
9/22/2013,1790.00
9/22/2013,199.00
9/22/2013,2190.00
9/22/2013,1899.92
9/22/2013,13580.00
9/22/2013,11400.00
9/23/2013,7080.00
9/23/2013,190.00
9/23/2013,45900.00
9/23/2013,1020.00
9/23/2013,9872.40
9/23/2013,3280.00
9/23/2013,2990.00
9/23/2013,1885.00
9/23/2013,2930.00
9/24/2013,399.90
9/24/2013,5290.00
9/24/2013,5100.00
9/24/2013,2790.00
9/24/2013,1290.00
9/24/2013,10049.20
9/24/2013,3260.00
9/24/2013,3060.00
9/24/2013,4399.00
9/24/2013,1943.28
9/24/2013,115.00
9/24/2013,7998.40
9/24/2013,3260.00
9/24/2013,179.90
9/24/2013,646.35
9/25/2013,6790.00
9/25/2013,160.00
9/25/2013,5240.00
9/25/2013,474.40
9/25/2013,3571.77
9/25/2013,8800.00
9/25/2013,4362.00
9/26/2013,1869.00
9/26/2013,2079.92
9/26/2013,5112.00
9/26/2013,2974.80
9/26/2013,15800.00
9/26/2013,2000.00
9/26/2013,578.80
9/26/2013,2246.40
9/26/2013,220.00
9/27/2013,3220.00
9/27/2013,6570.00
9/27/2013,3260.00
9/27/2013,3990.00
9/27/2013,500.00
9/27/2013,1020.00
9/27/2013,992.80
9/27/2013,9980.00
9/27/2013,1590.00
9/27/2013,2990.00
9/27/2013,3380.00
9/27/2013,7380.00
9/27/2013,3600.00
9/27/2013,239.00
9/28/2013,4800.00
9/28/2013,1957.80
9/28/2013,699.90
9/28/2013,4890.00
9/28/2013,2000.00
9/28/2013,155.00
9/28/2013,8890.00
9/28/2013,4100.00
9/28/2013,3890.00
9/28/2013,4270.00
9/28/2013,11180.00
9/28/2013,779.90
9/28/2013,13160.00
9/29/2013,11720.00
9/29/2013,299.50
9/29/2013,1869.00
9/29/2013,359.90
9/29/2013,2224.80
9/29/2013,169.00
9/29/2013,8900.00
9/29/2013,11980.00
9/29/2013,229.90
9/29/2013,2990.00
9/29/2013,1808.80
9/29/2013,249.90
9/29/2013,3829.50
9/29/2013,3390.00
9/29/2013,1099.90
9/30/2013,1864.80
9/30/2013,6990.00
9/30/2013,687.00
9/30/2013,2890.00
9/30/2013,6990.00
9/30/2013,8010.00
9/30/2013,647.98
9/30/2013,16000.00
9/30/2013,2280.00
9/30/2013,2332.20
9/30/2013,228.90
9/30/2013,2309.00
9/30/2013,190.00
9/30/2013,2029.40
9/30/2013,1020.00
9/30/2013,3190.00
10/1/2013,670.00
10/1/2013,256.88
10/1/2013,379.92
10/1/2013,699.90
10/1/2013,269.90
10/1/2013,2960.00
10/1/2013,7792.20
10/1/2013,2690.00
10/1/2013,1990.00
10/1/2013,69.50
10/1/2013,1290.00
10/1/2013,1552.20
10/1/2013,1960.80
10/1/2013,7980.00
10/1/2013,1969.00
10/1/2013,379.50
10/1/2013,7580.00
10/1/2013,1780.00
10/1/2013,3492.80
10/1/2013,3199.80
10/1/2013,3380.00
10/2/2013,2680.00
10/2/2013,11544.00
10/2/2013,1576.80
10/2/2013,590.00
10/2/2013,3020.00
10/2/2013,7980.00
10/2/2013,15922.00
10/2/2013,9980.00
10/2/2013,135.00
10/3/2013,11370.00
10/3/2013,1580.00
10/3/2013,1620.60
10/3/2013,8792.00
10/3/2013,2690.00
10/3/2013,920.40
10/3/2013,2930.00
10/3/2013,3760.00
10/3/2013,3988.40
10/3/2013,4618.00
10/3/2013,2280.00
10/3/2013,3499.50
10/3/2013,2550.00
10/4/2013,2000.00
10/4/2013,1900.00
10/4/2013,8190.00
10/4/2013,5249.40
10/4/2013,253.20
10/4/2013,169.90
10/4/2013,1880.00
10/4/2013,584.60
10/4/2013,20970.00
10/4/2013,2492.80
10/4/2013,250.00
10/4/2013,2360.00
10/4/2013,2930.00
10/4/2013,399.90
10/4/2013,1600.00
10/5/2013,799.92
10/5/2013,1929.60
10/5/2013,6990.00
10/5/2013,440.00
10/5/2013,2960.00
10/5/2013,2510.00
10/5/2013,1599.90
10/5/2013,6512.00
10/5/2013,1869.00
10/5/2013,5998.00
10/5/2013,874.00
10/5/2013,2309.00
10/6/2013,1326.00
10/6/2013,7667.20
10/6/2013,2343.15
10/6/2013,8094.75
10/6/2013,3528.00
10/6/2013,1124.80
10/6/2013,329.28
10/6/2013,3598.00
10/6/2013,10710.00
10/6/2013,1662.72
10/6/2013,33464.00
10/6/2013,7667.20
10/6/2013,4935.20
10/6/2013,2301.44
10/6/2013,2356.00
10/6/2013,895.87
10/6/2013,4671.99
10/6/2013,8382.00
10/6/2013,3225.35
10/7/2013,1661.60
10/7/2013,2013.00
10/7/2013,3354.00
10/7/2013,1250.60
10/7/2013,1625.40
10/7/2013,6287.40
10/7/2013,7391.95
10/7/2013,1919.36
10/7/2013,9925.63
10/8/2013,7954.40
10/8/2013,6887.60
10/8/2013,1264.80
10/8/2013,1197.00
10/8/2013,963.80
10/8/2013,3211.60
10/8/2013,1396.20
10/8/2013,8667.60
10/8/2013,7303.60
10/8/2013,4305.30
10/8/2013,1807.00
10/8/2013,4485.60
10/8/2013,2098.20
10/8/2013,2998.80
10/8/2013,254.10
10/8/2013,3968.00
10/9/2013,4168.80
10/9/2013,11036.00
10/9/2013,103.92
10/9/2013,743.88
10/9/2013,1267.20
10/9/2013,2112.00
10/9/2013,105.30
10/9/2013,8010.40
10/9/2013,289.67
10/9/2013,4775.20
10/9/2013,2542.80
10/10/2013,3707.60
10/10/2013,4978.35
10/10/2013,7391.95
10/10/2013,5408.88
10/10/2013,12974.00
10/10/2013,5054.60
10/10/2013,871.00
10/10/2013,112.32
10/10/2013,8947.20
10/10/2013,25374.60
10/10/2013,123.50
10/10/2013,552.00
10/10/2013,246.76
10/10/2013,345.96
10/10/2013,3809.00
10/10/2013,1573.00
10/10/2013,223.08
10/10/2013,2415.60
10/11/2013,200.00
10/11/2013,12979.81
10/11/2013,1599.60
10/11/2013,3648.00
10/11/2013,2757.24
10/11/2013,2944.00
10/11/2013,3799.85
10/12/2013,4792.00
10/12/2013,6060.60
10/12/2013,1159.00
10/12/2013,5007.45
10/12/2013,163.80
10/12/2013,15454.20
10/12/2013,4292.60
10/12/2013,2412.40
10/12/2013,1112.00
10/12/2013,1723.60
10/13/2013,13416.20
10/13/2013,6936.43
10/13/2013,13997.40
10/13/2013,277.20
10/13/2013,706.14
10/13/2013,2015.87
10/13/2013,1476.20
10/13/2013,4343.30
10/13/2013,1173.60
10/13/2013,667.26
10/13/2013,3732.40
10/13/2013,3707.60
10/14/2013,2107.88
10/14/2013,8807.40
10/14/2013,506.73
10/14/2013,289.80
10/14/2013,2184.50
10/14/2013,6299.87
10/14/2013,6387.20
10/14/2013,334.68
10/14/2013,2262.00
10/14/2013,7862.40
10/14/2013,215.77
10/14/2013,168.87
10/14/2013,5172.60
10/14/2013,320.03
10/14/2013,534.48
10/14/2013,1011.20
10/14/2013,194.33
10/14/2013,2671.80
10/14/2013,7783.60
10/14/2013,715.00
10/14/2013,6063.60
10/14/2013,5889.60
10/14/2013,4788.00
10/15/2013,5172.60
10/15/2013,1766.40
10/15/2013,6169.60
10/15/2013,6807.60
10/15/2013,2030.30
10/15/2013,2278.40
10/15/2013,616.72
10/15/2013,3788.80
10/15/2013,856.80
10/15/2013,2704.77
10/15/2013,8827.00
10/15/2013,213.22
10/16/2013,3213.00
10/16/2013,2899.05
10/16/2013,851.00
10/16/2013,680.02
10/16/2013,5856.00
10/16/2013,8026.20
10/16/2013,2031.87
10/16/2013,2381.40
10/16/2013,3225.00
10/16/2013,304.88
10/17/2013,8720.40
10/17/2013,734.40
10/17/2013,3159.80
10/17/2013,1027.00
10/17/2013,2174.40
10/17/2013,2520.32
10/17/2013,1695.80
10/17/2013,1395.20
10/17/2013,4800.00
10/17/2013,4439.20
10/17/2013,4214.80
10/17/2013,11275.77
10/17/2013,3275.60
10/18/2013,494.71
10/18/2013,5685.71
10/18/2013,7547.40
10/18/2013,2331.20
10/18/2013,2015.87
10/18/2013,7526.40
10/18/2013,2398.50
10/18/2013,467.87
10/18/2013,5577.00
10/18/2013,15394.30
10/18/2013,169.46
10/18/2013,1451.80
10/18/2013,11.59
10/18/2013,2429.70
10/18/2013,320.00
10/18/2013,8947.20
10/18/2013,7649.40
10/18/2013,4141.50
10/19/2013,2520.32
10/19/2013,160.58
10/19/2013,315.00
10/19/2013,31487.40
10/19/2013,2814.15
10/19/2013,1360.00
10/19/2013,214.07
10/19/2013,11440.00
10/19/2013,4464.00
10/20/2013,16113.00
10/20/2013,1857.40
10/20/2013,325.00
10/20/2013,446.28
10/20/2013,3926.00
10/20/2013,305.92
10/20/2013,1015.15
10/21/2013,2955.52
10/21/2013,12987.00
10/21/2013,29490.75
10/21/2013,2704.00
10/21/2013,1625.40
10/21/2013,1677.00
10/21/2013,2120.25
10/21/2013,3304.80
10/21/2013,283.84
10/21/2013,30487.80
10/21/2013,2593.40
10/21/2013,1155.70
10/21/2013,1599.60
10/21/2013,7427.60
10/21/2013,132.52
10/22/2013,2600.00
10/22/2013,3707.60
10/22/2013,3647.80
10/22/2013,232.70
10/22/2013,5443.20
10/22/2013,5616.00
10/22/2013,337.60
10/22/2013,1109.93
10/22/2013,145.18
10/22/2013,884.00
10/22/2013,11793.60
10/23/2013,1573.80
10/23/2013,8807.40
10/23/2013,7799.60
10/23/2013,5408.88
10/23/2013,835.62
10/23/2013,1625.40
10/23/2013,1259.87
10/23/2013,5491.20
10/23/2013,2046.00
10/23/2013,12987.00
10/23/2013,5577.00
10/24/2013,2140.60
10/24/2013,6604.40
10/24/2013,1657.65
10/24/2013,7912.80
10/25/2013,5583.36
10/25/2013,9399.20
10/25/2013,6015.62
10/25/2013,951.48
10/25/2013,9446.40
10/25/2013,3692.60
10/25/2013,2430.40
10/25/2013,2885.40
10/25/2013,7802.25
10/25/2013,2046.00
10/25/2013,9314.82
10/25/2013,6357.63
10/25/2013,717.71
10/25/2013,2145.60
10/25/2013,371.07
10/25/2013,5232.80
10/26/2013,14704.20
10/26/2013,32112.15
10/26/2013,1285.20
10/26/2013,3263.40
10/26/2013,18544.00
10/26/2013,195.78
10/26/2013,2931.20
10/26/2013,425.45
10/26/2013,263.15
10/26/2013,4408.00
10/26/2013,13277.90
10/26/2013,2015.87
10/26/2013,2392.32
10/27/2013,3111.00
10/27/2013,994.30
10/27/2013,1247.40
10/27/2013,623.35
10/27/2013,928.80
10/27/2013,3592.80
10/27/2013,1360.00
10/27/2013,6771.20
10/27/2013,3262.87
10/27/2013,3712.00
10/27/2013,207.90
10/28/2013,177.92
10/28/2013,169.46
10/28/2013,2577.60
10/28/2013,4554.00
10/28/2013,5912.40
10/28/2013,9247.60
10/28/2013,142.60
10/28/2013,1279.87
10/28/2013,11248.00
10/28/2013,1677.00
10/28/2013,1186.00
10/28/2013,173.96
10/28/2013,538.20
10/29/2013,1287.00
10/29/2013,2296.80
10/29/2013,619.50
10/29/2013,620.00
10/29/2013,12537.45
10/29/2013,2138.60
10/29/2013,5317.00
10/29/2013,57834.00
10/29/2013,15214.60
10/30/2013,2928.00
10/30/2013,2494.80
10/30/2013,20380.16
10/30/2013,7291.20
10/30/2013,6259.20
10/30/2013,7358.00
10/30/2013,2303.87
10/30/2013,3269.60
10/30/2013,379.70
10/30/2013,2144.00
10/30/2013,2249.60
10/30/2013,3819.20
10/30/2013,5452.20
10/31/2013,1287.00
10/31/2013,1228.61
10/31/2013,1415.20
10/31/2013,8762.66
10/31/2013,2344.00
10/31/2013,121.88
10/31/2013,388.70
10/31/2013,3403.80
10/31/2013,15094.80
10/31/2013,2293.60
10/31/2013,2278.40
10/31/2013,6670.00
10/31/2013,6753.60
10/31/2013,10401.30
10/31/2013,10647.00
10/31/2013,2899.05
10/31/2013,285.08
10/31/2013,10601.80
11/1/2013,9991.80
11/1/2013,7787.00
11/1/2013,2847.00
11/1/2013,1461.60
11/1/2013,12.16
11/1/2013,9550.80
11/1/2013,12837.15
11/1/2013,990.47
11/1/2013,4191.20
11/1/2013,2549.80
11/1/2013,6240.00
11/1/2013,3484.00
11/1/2013,2558.40
11/1/2013,15.52
11/2/2013,1457.06
11/2/2013,200.34
11/2/2013,6551.75
11/2/2013,1360.00
11/2/2013,10067.40
11/2/2013,4788.00
11/2/2013,11803.80
11/2/2013,995.40
11/2/2013,305.00
11/2/2013,2401.67
11/2/2013,2054.00
11/2/2013,364.00
11/2/2013,1254.00
11/2/2013,2067.00
11/2/2013,1341.39
11/2/2013,2520.00
11/2/2013,190.00
11/3/2013,1864.80
11/3/2013,147.20
11/3/2013,2291.20
11/3/2013,5821.20
11/3/2013,2500.63
11/3/2013,2885.40
11/3/2013,3174.87
11/3/2013,323.85
11/3/2013,4772.25
11/3/2013,2748.45
11/3/2013,1204.98
11/3/2013,161.08
11/3/2013,3213.00
11/3/2013,5898.12
11/3/2013,198.40
11/3/2013,8667.60
11/3/2013,519.87
11/3/2013,528.00
11/4/2013,3515.40
11/4/2013,6807.20
11/4/2013,2587.00
11/4/2013,4145.40
11/4/2013,4265.21
11/4/2013,2399.20
11/4/2013,1184.00
11/4/2013,752.40
11/4/2013,2444.00
11/4/2013,8290.80
11/4/2013,3853.72
11/4/2013,3376.80
11/4/2013,4901.76
11/5/2013,920.00
11/5/2013,2441.50
11/5/2013,12897.42
11/5/2013,10387.00
11/5/2013,652.67
11/5/2013,2803.20
11/5/2013,205.12
11/5/2013,2267.87
11/5/2013,19656.00
11/5/2013,3767.40
11/5/2013,4947.60
11/5/2013,30987.60
11/5/2013,161.20
11/6/2013,619.50
11/6/2013,242.78
11/6/2013,190.11
11/6/2013,729.29
11/6/2013,535.46
11/6/2013,12387.60
11/6/2013,8517.60
11/6/2013,19760.00
11/6/2013,4145.40
11/6/2013,3647.80
11/7/2013,512.72
11/7/2013,1027.00
11/7/2013,5496.12
11/7/2013,6144.00
11/7/2013,8772.45
11/7/2013,2559.70
11/7/2013,2356.00
11/7/2013,9352.80
11/7/2013,6639.54
11/7/2013,2331.20
11/8/2013,460.67
11/8/2013,4141.12
11/8/2013,1830.00
11/8/2013,26450.00
11/9/2013,4984.80
11/9/2013,14366.30
11/9/2013,7226.30
11/9/2013,4026.00
11/9/2013,399.68
11/9/2013,1573.80
11/9/2013,279.26
11/9/2013,2675.20
11/9/2013,2557.15
11/9/2013,1693.23
11/9/2013,574.54
11/9/2013,3752.45
11/9/2013,2392.00
11/9/2013,1548.80
11/9/2013,382.72
11/9/2013,3459.60
11/10/2013,754.80
11/10/2013,457.07
11/10/2013,149.50
11/10/2013,4823.60
11/10/2013,313.42
11/10/2013,2022.40
11/10/2013,1573.80
11/10/2013,17035.15
11/10/2013,9889.20
11/10/2013,2381.40
11/10/2013,9550.80
11/10/2013,3315.00
11/10/2013,221.96
11/10/2013,7500.80
11/11/2013,1055.60
11/11/2013,316.20
11/11/2013,896.80
11/11/2013,2594.40
11/11/2013,2839.60
11/11/2013,3767.40
11/11/2013,2063.60
11/11/2013,3376.80
11/11/2013,467.87
11/11/2013,3062.20
11/11/2013,151.24
11/11/2013,147.20
11/11/2013,2715.60
11/11/2013,296.01
11/12/2013,7667.20
11/12/2013,313.42
11/12/2013,1415.20
11/12/2013,1999.92
11/12/2013,200.34
11/12/2013,3456.00
11/12/2013,3088.80
11/12/2013,870.14
11/12/2013,752.40
11/12/2013,85.68
11/12/2013,3346.76
11/12/2013,14422.20
11/12/2013,7283.20
11/12/2013,2879.20
11/12/2013,2184.00
11/12/2013,3049.88
11/12/2013,3707.60
11/12/2013,3839.87
11/13/2013,105.30
11/13/2013,9975.00
11/13/2013,2287.80
11/13/2013,3417.60
11/13/2013,4312.00
11/13/2013,607.60
11/13/2013,201.50
11/13/2013,2872.80
11/13/2013,4067.20
11/13/2013,2968.35
11/13/2013,313.48
11/13/2013,3831.60
11/13/2013,2381.40
11/14/2013,2163.20
11/14/2013,280.73
11/14/2013,5172.60
11/14/2013,15847.80
11/14/2013,6102.35
11/14/2013,6387.20
11/14/2013,1959.20
11/14/2013,3892.20
11/14/2013,128.37
11/14/2013,2267.87
11/14/2013,1004.75
11/14/2013,78312.00
11/14/2013,1625.40
11/14/2013,876.20
11/14/2013,862.72
11/15/2013,7900.20
11/15/2013,2959.20
11/15/2013,1257.30
11/15/2013,1027.00
11/15/2013,1482.00
11/15/2013,6807.60
11/15/2013,4158.00
11/15/2013,462.99
11/15/2013,2368.80
11/15/2013,979.60
11/15/2013,1847.60
11/15/2013,12152.00
11/15/2013,2864.40
11/15/2013,7547.40
11/15/2013,11440.00
11/15/2013,7028.00
11/15/2013,5014.20
11/16/2013,7173.60
11/16/2013,4978.35
11/16/2013,12251.20
11/16/2013,263.15
11/16/2013,2557.15
11/16/2013,7043.20
11/16/2013,6368.80
11/16/2013,216.32
11/16/2013,3887.00
11/16/2013,24.68
11/16/2013,2020.20
11/17/2013,7392.60
11/17/2013,1326.00
11/17/2013,2990.00
11/17/2013,4978.35
11/17/2013,6856.73
11/17/2013,10880.00
11/17/2013,4787.90
11/17/2013,8385.00
11/17/2013,3683.00
11/17/2013,9087.00
11/18/2013,2212.60
11/18/2013,198.90
11/18/2013,2800.80
11/18/2013,8281.00
11/18/2013,259.90
11/18/2013,499.75
11/18/2013,4277.00
11/18/2013,6964.71
11/18/2013,16524.00
11/18/2013,1573.00
11/18/2013,4798.40
11/18/2013,382.72
11/18/2013,1599.60
11/18/2013,11.78
11/19/2013,574.83
11/19/2013,3328.15
11/19/2013,233.87
11/19/2013,6910.72
11/19/2013,3269.60
11/19/2013,560.77
11/19/2013,119.70
11/19/2013,15445.20
11/19/2013,8982.15
11/19/2013,227.62
11/19/2013,162.52
11/19/2013,7797.40
11/19/2013,1013.46
11/20/2013,639.49
11/20/2013,212.10
11/20/2013,3584.00
11/20/2013,1185.60
11/20/2013,635.99
11/20/2013,7421.40
11/20/2013,155.22
11/20/2013,24612.60
11/20/2013,19276.00
11/20/2013,856.55
11/20/2013,613.76
11/20/2013,4435.20
11/20/2013,501.87
11/20/2013,5016.32
11/21/2013,957.47
11/21/2013,1407.87
11/21/2013,3844.00
11/21/2013,545.87
11/21/2013,7688.00
11/21/2013,3249.87
11/21/2013,5583.36
11/21/2013,2197.00
11/22/2013,7372.00
11/22/2013,6543.00
11/22/2013,4042.40
11/22/2013,210.68
11/22/2013,7131.60
11/22/2013,1547.00
11/22/2013,1677.00
11/22/2013,1625.40
11/23/2013,1638.30
11/23/2013,3250.80
11/23/2013,1246.70
11/23/2013,3839.62
11/23/2013,552.42
11/23/2013,11128.00
11/23/2013,1672.00
11/23/2013,11724.90
11/23/2013,6910.72
11/23/2013,2214.30
11/23/2013,5319.60
11/23/2013,1192.00
11/23/2013,3591.00
11/23/2013,4145.40
11/23/2013,1168.70
11/24/2013,719.80
11/24/2013,8982.15
11/24/2013,1857.60
11/24/2013,2136.00
11/24/2013,2003.40
11/24/2013,5172.60
11/24/2013,11144.91
11/24/2013,22428.00
11/24/2013,3962.40
11/24/2013,19032.00
11/24/2013,3263.00
11/24/2013,8555.40
11/24/2013,1328.40
11/24/2013,3880.80
11/24/2013,12324.00
11/24/2013,10197.20
11/24/2013,8204.20
11/24/2013,12387.60
11/25/2013,2088.00
11/25/2013,4189.10
11/25/2013,3171.88
11/25/2013,3484.00
11/25/2013,1765.30
11/25/2013,502.82
11/25/2013,12772.00
11/25/2013,649.87
11/25/2013,15404.61
11/25/2013,6487.00
11/25/2013,2152.80
11/25/2013,1159.00
11/25/2013,3111.00
11/25/2013,600.14
11/25/2013,680.15
11/26/2013,3977.20
11/26/2013,7667.20
11/26/2013,512.72
11/26/2013,7427.60
11/26/2013,2457.00
11/26/2013,2999.45
11/26/2013,15117.48
11/26/2013,3484.00
11/26/2013,27999.00
11/26/2013,7626.00
11/26/2013,3931.20
11/26/2013,8281.00
11/26/2013,3471.00
11/27/2013,5158.71
11/27/2013,7040.00
11/27/2013,3389.40
11/27/2013,446.28
11/27/2013,2261.92
11/27/2013,5760.80
11/27/2013,2559.70
11/27/2013,572.25
11/27/2013,8667.60
11/27/2013,1625.40
11/27/2013,4580.60
11/27/2013,1052.35
11/27/2013,494.76
11/27/2013,5294.80
11/27/2013,189.10
11/28/2013,6192.00
11/28/2013,363.82
11/28/2013,2759.40
11/28/2013,711.60
11/28/2013,667.26
11/28/2013,2079.00
11/28/2013,28917.00
11/28/2013,2509.20
11/28/2013,7644.00
11/28/2013,1519.62
11/28/2013,9907.60
11/28/2013,202.80
11/28/2013,7192.00
11/28/2013,2021.20
11/28/2013,4952.00
11/28/2013,1429.87
11/29/2013,8025.60
11/29/2013,281.12
11/29/2013,1520.00
11/29/2013,1259.87
11/29/2013,705.56
11/29/2013,19304.00
11/29/2013,201.60
11/29/2013,8517.60
11/30/2013,3887.00
11/30/2013,2527.30
11/30/2013,3809.00
11/30/2013,517.93
11/30/2013,869.66
11/30/2013,2318.00
11/30/2013,379.70
11/30/2013,3763.75
11/30/2013,15.12
11/30/2013,870.33
11/30/2013,3595.88
11/30/2013,32475.00
11/30/2013,1472.00
11/30/2013,4128.95
11/30/2013,3283.20
11/30/2013,10836.00
11/30/2013,16575.60
12/1/2013,3770.00
12/1/2013,995.40
12/1/2013,211.20
12/1/2013,441.87
12/1/2013,28917.00
12/1/2013,341.60
12/1/2013,1199.92
12/1/2013,3323.20
12/1/2013,86.18
12/1/2013,9087.00
12/2/2013,2675.20
12/2/2013,8527.80
12/2/2013,6400.00
12/2/2013,467.92
12/2/2013,4748.58
12/2/2013,3364.20
12/2/2013,1751.40
12/2/2013,460.67
12/2/2013,192.20
12/2/2013,2977.00
12/3/2013,7480.00
12/3/2013,2152.80
12/3/2013,2548.00
12/3/2013,2633.40
12/3/2013,2056.00
12/3/2013,1708.20
12/3/2013,2548.00
12/3/2013,3647.80
12/3/2013,4940.00
12/3/2013,4234.00
12/3/2013,3895.15
12/3/2013,12400.00
12/4/2013,15049.12
12/4/2013,4013.80
12/4/2013,446.28
12/4/2013,3403.80
12/4/2013,2299.70
12/4/2013,2864.00
12/4/2013,4978.35
12/4/2013,3459.60
12/4/2013,1170.59
12/4/2013,1444.00
12/4/2013,1144.80
12/5/2013,121.88
12/5/2013,169.46
12/5/2013,4132.80
12/5/2013,1326.00
12/5/2013,3814.80
12/5/2013,4191.70
12/5/2013,2432.00
12/5/2013,951.60
12/5/2013,1098.00
12/5/2013,285.08
12/5/2013,166.27
12/5/2013,225.54
12/5/2013,10392.00
12/5/2013,1715.20
12/5/2013,8301.10
12/5/2013,3124.80
12/5/2013,2510.00
12/5/2013,3443.20
12/5/2013,3501.45
12/6/2013,3481.99
12/6/2013,3551.45
12/6/2013,6944.00
12/6/2013,231.40
12/6/2013,2488.20
12/6/2013,10894.00
12/6/2013,1450.80
12/6/2013,725.85
12/6/2013,860.70
12/6/2013,10339.65
12/6/2013,30098.24
12/6/2013,3844.80
12/6/2013,6816.51
12/6/2013,417.47
12/7/2013,3991.75
12/7/2013,1013.46
12/7/2013,12987.30
12/7/2013,1799.55
12/7/2013,5352.10
12/7/2013,6198.76
12/7/2013,2921.60
12/7/2013,1070.82
12/7/2013,277.45
12/7/2013,237.51
12/7/2013,1467.00
12/7/2013,7341.55
12/8/2013,2699.91
12/8/2013,98.75
12/8/2013,199.43
12/8/2013,1764.00
12/8/2013,5235.69
12/8/2013,5819.10
12/8/2013,12512.10
12/8/2013,6151.20
12/8/2013,14532.80
12/8/2013,5215.40
12/8/2013,350.91
12/8/2013,2315.55
12/9/2013,1036.05
12/9/2013,5838.40
12/9/2013,1673.20
12/9/2013,3823.20
12/9/2013,3227.88
12/9/2013,2757.24
12/9/2013,3420.00
12/9/2013,1059.94
12/10/2013,1281.50
12/10/2013,1228.20
12/10/2013,1342.41
12/10/2013,1949.10
12/10/2013,453.90
12/10/2013,1660.73
12/10/2013,102.35
12/10/2013,1983.20
12/10/2013,7774.80
12/10/2013,1764.00
12/10/2013,2591.60
12/11/2013,749.05
12/11/2013,2477.91
12/11/2013,7944.15
12/12/2013,1769.56
12/12/2013,5361.05
12/12/2013,1252.82
12/12/2013,3150.05
12/12/2013,245.58
12/12/2013,298.32
12/12/2013,775.48
12/12/2013,205.28
12/12/2013,889.29
12/12/2013,4858.20
12/12/2013,244.15
12/12/2013,1053.15
12/12/2013,348.96
12/12/2013,243.00
12/13/2013,8521.45
12/13/2013,513.74
12/13/2013,1394.36
12/13/2013,2589.63
12/13/2013,2541.00
12/13/2013,4277.00
12/13/2013,231.17
12/13/2013,5054.60
12/14/2013,204.70
12/14/2013,1602.05
12/14/2013,7983.30
12/14/2013,8877.30
12/14/2013,14631.10
12/14/2013,634.30
12/14/2013,2246.45
12/14/2013,218.32
12/14/2013,10392.00
12/14/2013,10392.00
12/14/2013,3334.65
12/14/2013,6186.15
12/14/2013,3042.00
12/14/2013,405.90
12/14/2013,439.40
12/15/2013,2151.99
12/15/2013,213.61
12/15/2013,251.49
12/15/2013,5391.00
12/15/2013,383.95
12/15/2013,3302.55
12/15/2013,223.75
12/15/2013,8991.00
12/15/2013,3948.10
12/15/2013,1767.15
12/16/2013,1350.00
12/16/2013,1777.05
12/16/2013,1232.96
12/16/2013,2098.20
12/16/2013,2987.01
12/16/2013,172.24
12/16/2013,1415.10
12/17/2013,5896.80
12/17/2013,3477.78
12/17/2013,2776.24
12/17/2013,2006.60
12/17/2013,160.11
12/17/2013,5452.20
12/17/2013,2294.00
12/17/2013,2040.60
12/17/2013,4416.15
12/17/2013,1407.91
12/17/2013,5456.00
12/17/2013,2904.00
12/18/2013,8527.20
12/18/2013,21462.50
12/18/2013,10785.70
12/18/2013,3222.00
12/18/2013,1417.00
12/18/2013,3162.00
12/18/2013,721.79
12/18/2013,1421.75
12/18/2013,4844.71
12/18/2013,2848.00
12/19/2013,6800.00
12/19/2013,8772.45
12/19/2013,385.02
12/19/2013,2313.00
12/19/2013,4681.65
12/19/2013,4400.00
12/19/2013,1601.70
12/19/2013,14250.19
12/19/2013,9087.00
12/19/2013,3692.60
12/19/2013,108.34
12/19/2013,3678.45
12/20/2013,5312.40
12/20/2013,1755.60
12/21/2013,2590.80
12/21/2013,6262.45
12/21/2013,4955.20
12/21/2013,1672.76
12/21/2013,6221.10
12/21/2013,5383.21
12/21/2013,894.91
12/21/2013,1391.20
12/21/2013,3469.20
12/22/2013,7647.75
12/22/2013,245.58
12/22/2013,2483.10
12/22/2013,2309.10
12/22/2013,5570.40
12/22/2013,1429.35
12/22/2013,2691.00
12/22/2013,3781.40
12/22/2013,2574.03
12/22/2013,6256.05
12/22/2013,890.00
12/23/2013,8039.10
12/23/2013,4191.00
12/23/2013,4085.10
12/23/2013,3803.60
12/23/2013,1019.88
12/23/2013,1927.20
12/23/2013,4216.40
12/23/2013,4147.00
12/23/2013,249.71
12/24/2013,7607.30
12/24/2013,23057.25
12/24/2013,969.93
12/24/2013,515.13
12/24/2013,6656.30
12/24/2013,4775.20
12/24/2013,3554.10
12/24/2013,6256.05
12/24/2013,9740.30
12/24/2013,2472.80
12/24/2013,464.39
12/24/2013,5548.95
12/25/2013,6699.73
12/25/2013,206.43
12/25/2013,3123.55
12/25/2013,3551.45
12/25/2013,858.31
12/25/2013,1029.97
12/25/2013,429.05
12/25/2013,17901.00
12/25/2013,2139.05
12/25/2013,1762.20
12/26/2013,3354.00
12/26/2013,13376.00
12/26/2013,1291.47
12/26/2013,14504.00
12/27/2013,7371.00
12/27/2013,5312.40
12/27/2013,1020.80
12/27/2013,237.51
12/27/2013,7517.45
12/27/2013,8429.60
12/27/2013,632.58
12/27/2013,5085.60
12/27/2013,4920.91
12/28/2013,27584.90
12/28/2013,9136.96
12/28/2013,231.22
12/28/2013,2514.95
12/28/2013,12537.45
12/28/2013,1422.00
12/28/2013,449.82
12/28/2013,4704.00
12/28/2013,2495.05
12/28/2013,779.38
12/28/2013,5007.20
12/28/2013,147.68
12/28/2013,2444.00
12/29/2013,2970.00
12/29/2013,3420.00
12/29/2013,6978.21
12/29/2013,1477.75
12/29/2013,5094.00
12/29/2013,174.80
12/29/2013,5893.00
12/29/2013,5643.00
12/29/2013,314.42
12/29/2013,4828.95
12/29/2013,5121.00
12/30/2013,4441.10
12/30/2013,2839.60
12/30/2013,212.42
12/30/2013,4265.25
12/30/2013,3713.60
12/30/2013,5717.10
12/30/2013,8991.00
12/30/2013,1708.20
12/30/2013,1870.55
12/30/2013,1782.00
12/30/2013,3446.55
12/30/2013,5085.60
12/30/2013,2790.00
12/30/2013,889.29
12/30/2013,1762.20
12/30/2013,513.21
12/30/2013,2804.40
12/31/2013,513.21
12/31/2013,2232.00
12/31/2013,205.76
12/31/2013,7542.00
12/31/2013,3982.50
12/31/2013,5904.00
12/31/2013,164.58
12/31/2013,2491.91
12/31/2013,4112.10
12/31/2013,2124.00
12/31/2013,6357.00
12/31/2013,2066.56
1/1/2014,4191.20
1/1/2014,338.00
1/1/2014,1464.25
1/1/2014,10230.00
1/1/2014,11431.20
1/1/2014,6757.06
1/2/2014,9925.63
1/2/2014,5317.00
1/2/2014,1721.41
1/2/2014,2552.00
1/2/2014,303.41
1/2/2014,4978.35
1/2/2014,1082.95
1/2/2014,3184.00
1/2/2014,31638.70
1/2/2014,879.55
1/3/2014,2661.10
1/3/2014,634.75
1/3/2014,17144.75
1/3/2014,2592.00
1/3/2014,2834.20
1/3/2014,4424.12
1/3/2014,277.45
1/3/2014,1056.10
1/3/2014,2704.00
1/4/2014,3177.30
1/4/2014,5347.50
1/4/2014,15582.85
1/4/2014,150.36
1/4/2014,129.12
1/4/2014,4547.90
1/4/2014,6187.60
1/4/2014,7018.40
1/4/2014,1534.00
1/4/2014,4940.00
1/4/2014,1200.80
1/4/2014,658.42
1/5/2014,2566.50
1/5/2014,2322.00
1/5/2014,2429.70
1/5/2014,255.11
1/5/2014,3102.00
1/5/2014,472.42
1/5/2014,2804.40
1/5/2014,1539.20
1/5/2014,5352.10
1/6/2014,989.55
1/6/2014,1407.91
1/6/2014,303.27
1/6/2014,17684.56
1/6/2014,8791.20
1/6/2014,150.15
1/6/2014,1403.82
1/6/2014,2253.40
1/6/2014,1298.67
1/6/2014,5158.28
1/6/2014,19469.82
1/6/2014,1357.63
1/6/2014,2839.82
1/6/2014,248.81
1/6/2014,227.92
1/6/2014,1242.00
1/6/2014,879.65
1/7/2014,356.82
1/7/2014,5395.35
1/7/2014,1186.24
1/7/2014,6862.80
1/7/2014,5366.40
1/7/2014,677.41
1/7/2014,228.00
1/7/2014,3516.00
1/7/2014,358.20
1/7/2014,1979.82
1/7/2014,504.36
1/7/2014,446.07
1/7/2014,6670.40
1/7/2014,6221.10
1/8/2014,3389.11
1/8/2014,4941.00
1/8/2014,20491.80
1/8/2014,1602.05
1/8/2014,1171.88
1/8/2014,3336.00
1/8/2014,1398.30
1/8/2014,2385.20
1/8/2014,10605.48
1/8/2014,7690.65
1/9/2014,5301.15
1/9/2014,3600.00
1/9/2014,3026.00
1/9/2014,69.25
1/9/2014,5271.20
1/9/2014,242.33
1/9/2014,4140.00
1/9/2014,18698.25
1/9/2014,17165.60
1/10/2014,267.57
1/10/2014,285.60
1/10/2014,2488.10
1/10/2014,1367.82
1/10/2014,5271.20
1/10/2014,7430.28
1/10/2014,5553.60
1/10/2014,4947.15
1/10/2014,409.92
1/11/2014,1974.32
1/11/2014,5697.00
1/11/2014,1908.68
1/11/2014,13448.70
1/11/2014,81.70
1/11/2014,281.60
1/11/2014,2449.48
1/11/2014,2310.84
1/11/2014,275.90
1/11/2014,4350.51
1/11/2014,1875.08
1/12/2014,1224.00
1/12/2014,8428.00
1/12/2014,1569.96
1/12/2014,1162.28
1/12/2014,318.51
1/12/2014,5868.00
1/12/2014,1428.42
1/12/2014,716.21
1/12/2014,1935.82
1/12/2014,4135.74
1/12/2014,7031.20
1/12/2014,426.96
1/12/2014,601.80
1/12/2014,17989.05
1/12/2014,7769.61
1/13/2014,8673.00
1/13/2014,2935.60
1/13/2014,840.75
1/13/2014,2669.11
1/13/2014,2829.40
1/13/2014,1360.51
1/13/2014,201.43
1/13/2014,17.01
1/13/2014,6057.00
1/13/2014,1319.91
1/13/2014,1945.65
1/14/2014,2026.65
1/14/2014,424.32
1/14/2014,1770.00
1/14/2014,8339.07
1/14/2014,5595.17
1/14/2014,3327.03
1/14/2014,201.43
1/14/2014,11678.80
1/14/2014,3522.30
1/14/2014,5153.17
1/14/2014,1422.00
1/15/2014,5802.80
1/15/2014,300.02
1/15/2014,23391.70
1/15/2014,1032.40
1/15/2014,973.20
1/15/2014,8932.10
1/15/2014,2061.00
1/15/2014,3608.00
1/15/2014,2586.55
1/15/2014,8841.15
1/15/2014,5819.10
1/15/2014,698.10
1/16/2014,4805.11
1/16/2014,11862.00
1/16/2014,3520.00
1/16/2014,2923.83
1/16/2014,6708.30
1/16/2014,284.80
1/16/2014,290.31
1/16/2014,2573.38
1/16/2014,1056.10
1/16/2014,5553.60
1/16/2014,686.46
1/16/2014,2699.91
1/17/2014,1762.26
1/17/2014,1772.10
1/17/2014,5611.65
1/17/2014,5731.80
1/17/2014,2731.97
1/17/2014,2494.00
1/17/2014,4816.92
1/18/2014,2722.40
1/18/2014,2474.20
1/18/2014,682.41
1/18/2014,177.82
1/18/2014,2921.60
1/18/2014,4815.10
1/18/2014,1300.95
1/18/2014,458.43
1/18/2014,3369.96
1/18/2014,2349.60
1/19/2014,3321.00
1/19/2014,709.82
1/19/2014,4449.11
1/19/2014,5008.05
1/19/2014,3041.82
1/19/2014,5684.80
1/19/2014,1611.00
1/19/2014,1851.20
1/19/2014,20310.75
1/19/2014,7740.00
1/19/2014,699.15
1/19/2014,3492.77
1/20/2014,718.80
1/20/2014,3839.55
1/20/2014,8339.07
1/20/2014,41080.50
1/20/2014,751.62
1/21/2014,5391.00
1/21/2014,9836.05
1/21/2014,2808.00
1/21/2014,497.77
1/21/2014,233.10
1/21/2014,7427.20
1/21/2014,9064.00
1/21/2014,5796.75
1/21/2014,3389.11
1/21/2014,1495.65
1/21/2014,202.31
1/22/2014,1881.00
1/22/2014,1860.10
1/22/2014,255.11
1/22/2014,1760.00
1/22/2014,3369.96
1/22/2014,4842.00
1/22/2014,205.28
1/22/2014,4270.94
1/22/2014,507.21
1/22/2014,615.91
1/22/2014,2664.00
1/22/2014,538.20
1/22/2014,899.91
1/23/2014,5361.05
1/23/2014,2529.00
1/23/2014,2781.00
1/23/2014,863.10
1/23/2014,2106.30
1/23/2014,7113.21
1/23/2014,4092.22
1/23/2014,1552.95
1/23/2014,490.11
1/23/2014,4911.80
1/24/2014,3571.05
1/24/2014,3550.00
1/24/2014,855.00
1/24/2014,2774.50
1/24/2014,4300.00
1/24/2014,1836.00
1/24/2014,2872.40
1/24/2014,13378.70
1/24/2014,7821.00
1/25/2014,2983.20
1/25/2014,318.62
1/25/2014,957.60
1/25/2014,2944.55
1/25/2014,407.62
1/25/2014,2759.00
1/25/2014,3636.30
1/25/2014,894.28
1/25/2014,232.11
1/26/2014,2296.20
1/26/2014,7191.00
1/26/2014,1336.91
1/26/2014,2111.65
1/26/2014,462.42
1/26/2014,343.82
1/26/2014,169.10
1/26/2014,196.85
1/26/2014,1705.93
1/26/2014,231.22
1/26/2014,4041.74
1/27/2014,2486.85
1/27/2014,2472.80
1/27/2014,2142.00
1/27/2014,2571.40
1/27/2014,5280.00
1/28/2014,19737.00
1/28/2014,415.86
1/28/2014,4596.00
1/28/2014,2269.50
1/28/2014,8771.00
1/28/2014,8991.00
1/29/2014,8324.75
1/29/2014,11604.00
1/29/2014,1870.55
1/29/2014,2612.67
1/30/2014,196.85
1/30/2014,512.91
1/30/2014,2324.56
1/30/2014,4053.30
1/30/2014,8883.76
1/30/2014,1851.20
1/30/2014,4091.80
1/31/2014,2349.60
1/31/2014,12734.40
1/31/2014,1873.88
1/31/2014,2100.40
1/31/2014,5391.00
1/31/2014,14872.44
1/31/2014,1364.02
1/31/2014,122.32
1/31/2014,2581.00
1/31/2014,4174.10
1/31/2014,2710.40
1/31/2014,5233.20
1/31/2014,4859.10
2/1/2014,231.40
2/1/2014,4920.00
2/1/2014,8575.65
2/1/2014,1404.00
2/1/2014,2676.05
2/1/2014,2448.00
2/1/2014,2070.00
2/1/2014,112.01
2/1/2014,3284.10
2/1/2014,3591.00
2/1/2014,5509.10
2/1/2014,1319.40
2/1/2014,2571.40
2/1/2014,2961.00
2/2/2014,2199.91
2/2/2014,5271.20
2/2/2014,275.90
2/2/2014,6663.33
2/2/2014,1777.05
2/2/2014,7732.72
2/2/2014,2362.95
2/2/2014,1428.42
2/2/2014,2648.80
2/2/2014,42560.00
2/2/2014,7801.18
2/2/2014,2657.40
2/3/2014,5209.60
2/3/2014,166.68
2/3/2014,1369.20
2/3/2014,5307.25
2/4/2014,11883.00
2/4/2014,2246.45
2/4/2014,5851.70
2/4/2014,11786.84
2/4/2014,1336.91
2/4/2014,4324.50
2/4/2014,5731.80
2/4/2014,3570.00
2/5/2014,1795.80
2/5/2014,2697.80
2/5/2014,7611.00
2/5/2014,2235.61
2/5/2014,5851.70
2/5/2014,1061.82
2/5/2014,870.00
2/5/2014,8793.20
2/5/2014,4526.25
2/5/2014,2451.80
2/5/2014,6822.00
2/6/2014,305.82
2/6/2014,12298.65
2/6/2014,1925.60
2/6/2014,4743.60
2/6/2014,245.52
2/6/2014,227.92
2/6/2014,266.60
2/6/2014,1058.11
2/6/2014,3800.30
2/6/2014,1654.07
2/6/2014,206.91
2/6/2014,2812.40
2/6/2014,709.23
2/6/2014,206.91
2/6/2014,4814.00
2/7/2014,1663.80
2/7/2014,6670.40
2/7/2014,1070.85
2/7/2014,1368.00
2/7/2014,355.22
2/7/2014,439.91
2/7/2014,3025.80
2/8/2014,455.18
2/8/2014,1658.80
2/8/2014,195.98
2/8/2014,309.03
2/8/2014,113.31
2/8/2014,301.71
2/8/2014,3383.10
2/8/2014,479.88
2/8/2014,2032.80
2/8/2014,11138.40
2/9/2014,496.57
2/9/2014,2580.00
2/9/2014,2024.00
2/9/2014,8991.40
2/9/2014,4091.80
2/9/2014,6111.00
2/9/2014,3582.00
2/9/2014,1949.10
2/9/2014,6256.05
2/9/2014,5904.00
2/10/2014,2199.91
2/10/2014,3523.85
2/10/2014,13132.37
2/10/2014,1769.56
2/10/2014,3132.05
2/10/2014,14580.00
2/10/2014,1752.41
2/10/2014,3018.40
2/10/2014,4199.16
2/10/2014,14329.80
2/10/2014,3564.64
2/10/2014,269.82
2/11/2014,1762.20
2/11/2014,5965.70
2/11/2014,2403.00
2/11/2014,9734.91
2/11/2014,714.21
2/11/2014,1815.60
2/11/2014,19737.00
2/11/2014,4569.19
2/11/2014,1390.47
2/11/2014,4391.20
2/11/2014,1619.95
2/12/2014,1322.39
2/12/2014,2693.07
2/12/2014,3560.00
2/12/2014,892.32
2/12/2014,195.98
2/12/2014,3961.36
2/12/2014,5540.05
2/12/2014,1335.00
2/13/2014,462.42
2/13/2014,1484.20
2/13/2014,1488.00
2/13/2014,5482.80
2/13/2014,7611.34
2/13/2014,6097.65
2/13/2014,7703.07
2/13/2014,7522.50
2/14/2014,5075.80
2/14/2014,10427.74
2/14/2014,293.61
2/14/2014,1692.00
2/14/2014,3369.96
2/14/2014,7763.55
2/14/2014,949.22
2/14/2014,4760.07
2/14/2014,302.51
2/14/2014,1256.32
2/15/2014,202.58
2/15/2014,6108.16
2/15/2014,8192.28
2/15/2014,4498.84
2/15/2014,3042.82
2/15/2014,3446.55
2/15/2014,374.40
2/15/2014,146.85
2/15/2014,1755.60
2/16/2014,8192.28
2/16/2014,5814.45
2/16/2014,726.10
2/16/2014,2895.20
2/16/2014,1773.20
2/16/2014,2639.76
2/16/2014,5391.00
2/16/2014,7607.50
2/16/2014,2646.15
2/16/2014,1229.73
2/16/2014,2637.00
2/16/2014,2302.65
2/17/2014,1918.40
2/17/2014,1293.60
2/17/2014,3795.20
2/17/2014,6708.30
2/17/2014,2221.35
2/17/2014,11485.60
2/17/2014,2958.00
2/17/2014,4792.40
2/17/2014,2485.40
2/17/2014,5352.10
2/18/2014,7607.50
2/18/2014,4291.40
2/18/2014,2029.75
2/18/2014,2455.20
2/18/2014,85.50
2/18/2014,2376.00
2/18/2014,1062.00
2/18/2014,6784.10
2/18/2014,42066.44
2/18/2014,2763.60
2/18/2014,1435.56
2/18/2014,2702.90
2/18/2014,266.82
2/19/2014,231.22
2/19/2014,3149.55
2/19/2014,385.02
2/19/2014,3217.50
2/19/2014,3594.90
2/19/2014,7858.80
2/19/2014,12893.17
2/19/2014,2407.55
2/19/2014,5123.52
2/19/2014,645.60
2/20/2014,1626.99
2/20/2014,1059.05
2/20/2014,8703.00
2/20/2014,146.03
2/20/2014,3216.00
2/20/2014,3898.20
2/20/2014,984.05
2/20/2014,3197.24
2/20/2014,3065.28
2/20/2014,5211.00
2/20/2014,22116.15
2/20/2014,1782.00
2/20/2014,860.70
2/21/2014,20425.50
2/21/2014,1147.84
2/21/2014,274.35
2/21/2014,3734.70
2/21/2014,512.91
2/21/2014,337.60
2/21/2014,2511.60
2/21/2014,5391.00
2/21/2014,3164.80
2/21/2014,3427.40
2/22/2014,5262.40
2/22/2014,11682.79
2/22/2014,710.22
2/22/2014,4352.10
2/22/2014,5301.15
2/22/2014,13492.40
2/22/2014,3059.88
2/22/2014,974.40
2/22/2014,1632.83
2/22/2014,145.20
2/22/2014,146.11
2/22/2014,1374.00
2/23/2014,2035.50
2/23/2014,13568.20
2/23/2014,5580.30
2/23/2014,22491.00
2/23/2014,3240.00
2/23/2014,5121.00
2/23/2014,8527.20
2/23/2014,3391.50
2/23/2014,2772.00
2/23/2014,1399.20
2/23/2014,316.71
2/23/2014,1815.60
2/23/2014,283.02
2/23/2014,2182.40
2/24/2014,7522.50
2/24/2014,7459.94
2/24/2014,2232.00
2/24/2014,1680.00
2/24/2014,2063.64
2/24/2014,3480.00
2/24/2014,937.40
2/25/2014,4662.00
2/25/2014,5450.82
2/25/2014,1939.56
2/25/2014,2661.10
2/25/2014,2296.20
2/25/2014,327.92
2/25/2014,8037.32
2/25/2014,4224.00
2/25/2014,10546.23
2/25/2014,3373.65
2/25/2014,2279.20
2/25/2014,347.01
2/25/2014,6518.80
2/25/2014,5064.10
2/25/2014,2566.50
2/25/2014,8721.00
2/25/2014,23372.20
2/26/2014,2058.50
2/26/2014,1940.40
2/26/2014,2147.64
2/26/2014,1031.83
2/26/2014,2574.03
2/26/2014,2472.80
2/26/2014,2376.30
2/26/2014,422.91
2/26/2014,5031.60
2/26/2014,2502.00
2/26/2014,13056.04
2/26/2014,710.22
2/27/2014,5095.20
2/27/2014,7396.00
2/27/2014,1603.44
2/27/2014,1532.58
2/27/2014,879.82
2/27/2014,2244.00
2/27/2014,258.46
2/27/2014,723.82
2/27/2014,7545.73
2/27/2014,5203.80
2/28/2014,3410.50
2/28/2014,215.22
2/28/2014,112.01
2/28/2014,9250.80
2/28/2014,1830.40
2/28/2014,5684.80
2/28/2014,997.60
2/28/2014,13760.00
2/28/2014,3594.90
2/28/2014,5391.00
3/1/2014,1367.82
3/1/2014,5888.20
3/1/2014,5672.40
3/1/2014,1840.80
3/1/2014,1592.80
3/1/2014,6009.15
3/2/2014,2256.00
3/2/2014,863.55
3/2/2014,2725.80
3/2/2014,2070.00
3/2/2014,3312.00
3/2/2014,5322.20
3/2/2014,1870.55
3/2/2014,146.03
3/2/2014,101.20
3/2/2014,3657.90
3/2/2014,2123.80
3/2/2014,3514.67
3/2/2014,345.06
3/2/2014,225.00
3/2/2014,660.27
3/2/2014,5331.10
3/2/2014,179.32
3/2/2014,61161.75
3/2/2014,2182.40
3/2/2014,359.82
3/2/2014,5724.60
3/3/2014,3408.26
3/3/2014,135.30
3/3/2014,749.05
3/3/2014,1558.00
3/3/2014,3465.00
3/3/2014,501.60
3/3/2014,7062.21
3/3/2014,3596.40
3/3/2014,8722.00
3/4/2014,2676.05
3/4/2014,1203.99
3/4/2014,5232.61
3/4/2014,917.49
3/4/2014,1461.19
3/4/2014,5951.75
3/4/2014,774.40
3/4/2014,5022.00
3/4/2014,1120.05
3/4/2014,5271.20
3/4/2014,160.11
3/5/2014,2371.80
3/5/2014,2070.00
3/5/2014,6161.61
3/5/2014,6590.61
3/5/2014,7872.00
3/5/2014,2310.84
3/5/2014,1156.11
3/6/2014,1290.00
3/6/2014,3600.00
3/6/2014,5990.00
3/6/2014,368.90
3/6/2014,11180.00
3/6/2014,2930.00
3/6/2014,6990.00
3/6/2014,12990.00
3/6/2014,1845.00
3/6/2014,7499.40
3/6/2014,3996.00
3/6/2014,209.44
3/6/2014,4580.00
3/6/2014,509.90
3/6/2014,318.00
3/7/2014,10282.80
3/7/2014,2580.00
3/7/2014,7740.00
3/7/2014,14856.00
3/7/2014,260.00
3/7/2014,1439.76
3/7/2014,1228.20
3/7/2014,4779.60
3/7/2014,2800.00
3/7/2014,1869.00
3/7/2014,2280.00
3/7/2014,2780.00
3/8/2014,3620.00
3/8/2014,3501.40
3/8/2014,6380.00
3/8/2014,307.88
3/8/2014,22950.00
3/8/2014,300.00
3/8/2014,7184.81
3/8/2014,4380.00
3/8/2014,5990.00
3/9/2014,3708.00
3/9/2014,1290.00
3/9/2014,790.00
3/9/2014,6990.00
3/9/2014,1135.20
3/9/2014,2208.00
3/9/2014,23398.20
3/10/2014,16000.00
3/10/2014,7580.00
3/10/2014,599.60
3/10/2014,3290.00
3/10/2014,6477.60
3/10/2014,8191.80
3/10/2014,3370.34
3/10/2014,5266.80
3/10/2014,3465.00
3/10/2014,1692.00
3/11/2014,4920.00
3/11/2014,4362.00
3/11/2014,229.90
3/11/2014,40851.00
3/11/2014,824.74
3/11/2014,3120.00
3/11/2014,948.00
3/11/2014,3980.00
3/11/2014,1999.50
3/11/2014,499.80
3/11/2014,834.60
3/11/2014,15800.00
3/11/2014,1560.00
3/12/2014,1608.00
3/12/2014,399.00
3/12/2014,6590.00
3/12/2014,2190.00
3/12/2014,1170.31
3/12/2014,5787.80
3/12/2014,279.00
3/12/2014,1896.00
3/12/2014,509.90
3/12/2014,3996.00
3/12/2014,3502.40
3/13/2014,4360.00
3/13/2014,16296.00
3/13/2014,280.50
3/13/2014,2080.00
3/13/2014,1490.00
3/13/2014,1083.60
3/13/2014,4580.00
3/13/2014,1150.00
3/14/2014,1553.60
3/14/2014,8190.00
3/14/2014,1880.00
3/14/2014,6860.00
3/14/2014,33.25
3/14/2014,7200.00
3/14/2014,5522.40
3/14/2014,980.00
3/14/2014,12990.00
3/14/2014,6456.00
3/14/2014,1747.20
3/15/2014,1702.80
3/15/2014,5990.00
3/15/2014,3580.00
3/15/2014,1039.20
3/15/2014,10796.00
3/15/2014,39.80
3/15/2014,513.80
3/15/2014,759.00
3/15/2014,5990.00
3/15/2014,2304.20
3/15/2014,229.90
3/15/2014,2580.00
3/15/2014,7647.20
3/15/2014,220.00
3/15/2014,726.10
3/15/2014,6456.00
3/15/2014,6990.00
3/15/2014,2990.00
3/16/2014,14400.00
3/16/2014,3660.00
3/16/2014,509.90
3/16/2014,152.91
3/17/2014,2999.80
3/17/2014,589.90
3/17/2014,1044.00
3/17/2014,1836.00
3/18/2014,269.90
3/18/2014,4360.00
3/18/2014,3960.00
3/18/2014,2172.00
3/18/2014,119.45
3/18/2014,6990.00
3/18/2014,4805.00
3/18/2014,339.80
3/18/2014,139.00
3/18/2014,9096.00
3/19/2014,354.22
3/19/2014,3792.00
3/19/2014,4999.90
3/19/2014,578.80
3/19/2014,5148.00
3/19/2014,407.76
3/19/2014,7380.00
3/19/2014,1348.00
3/19/2014,5660.00
3/19/2014,438.51
3/19/2014,5990.00
3/19/2014,452.14
3/19/2014,4391.20
3/19/2014,228.62
3/19/2014,1056.00
3/19/2014,1690.00
3/20/2014,2780.00
3/20/2014,5690.00
3/20/2014,4296.00
3/20/2014,739.80
3/20/2014,253.20
3/20/2014,360.51
3/20/2014,199.80
3/20/2014,138.90
3/20/2014,839.80
3/20/2014,1690.00
3/20/2014,6520.00
3/20/2014,1740.00
3/21/2014,14219.64
3/21/2014,1580.00
3/21/2014,83.60
3/21/2014,23346.20
3/21/2014,289.90
3/21/2014,6560.00
3/21/2014,299.50
3/21/2014,1199.80
3/21/2014,6518.80
3/21/2014,6390.00
3/21/2014,1927.20
3/22/2014,3760.00
3/22/2014,1885.00
3/22/2014,1999.00
3/22/2014,2670.00
3/22/2014,329.90
3/22/2014,2992.30
3/22/2014,1058.00
3/22/2014,5920.00
3/22/2014,1199.80
3/22/2014,4795.20
3/22/2014,5710.40
3/22/2014,327.52
3/22/2014,2380.00
3/22/2014,228.62
3/23/2014,4290.00
3/23/2014,1960.00
3/23/2014,1559.80
3/23/2014,3326.40
3/23/2014,244.07
3/23/2014,5990.00
3/23/2014,3830.00
3/23/2014,5394.00
3/24/2014,3100.00
3/24/2014,5925.40
3/24/2014,6930.00
3/24/2014,9360.00
3/24/2014,6240.00
3/24/2014,2197.60
3/24/2014,1860.00
3/24/2014,1980.00
3/24/2014,503.04
3/24/2014,5182.40
3/25/2014,2748.00
3/25/2014,2436.00
3/25/2014,6600.00
3/25/2014,2580.00
3/25/2014,137.34
3/25/2014,2899.90
3/25/2014,5215.40
3/25/2014,1001.44
3/26/2014,114.00
3/26/2014,6270.00
3/26/2014,1896.00
3/26/2014,9990.00
3/26/2014,5511.20
3/26/2014,358.00
3/26/2014,1242.00
3/26/2014,4596.00
3/27/2014,2309.00
3/27/2014,1845.00
3/27/2014,509.90
3/27/2014,3012.00
3/27/2014,12792.00
3/27/2014,6520.00
3/27/2014,1499.90
3/27/2014,3516.00
3/28/2014,10782.00
3/28/2014,6696.00
3/28/2014,15922.00
3/28/2014,6715.80
3/28/2014,1031.83
3/28/2014,3800.00
3/28/2014,1042.60
3/28/2014,3980.00
3/29/2014,798.00
3/29/2014,3890.00
3/29/2014,7580.00
3/29/2014,2763.60
3/29/2014,302.42
3/29/2014,2290.00
3/29/2014,6190.00
3/29/2014,399.90
3/29/2014,1880.00
3/29/2014,32400.00
3/29/2014,310.00
3/29/2014,264.00
3/29/2014,2190.00
3/30/2014,759.00
3/30/2014,5160.00
3/30/2014,259.80
3/30/2014,7056.00
3/30/2014,6990.00
3/30/2014,1138.56
3/30/2014,3360.00
3/30/2014,9840.00
3/30/2014,699.90
3/30/2014,3288.60
3/30/2014,4290.00
3/30/2014,4079.76
3/30/2014,5560.00
3/30/2014,1595.88
3/30/2014,3800.00
3/30/2014,4890.00
3/30/2014,9488.00
3/30/2014,2376.00
3/30/2014,6990.00
3/31/2014,359.40
3/31/2014,3216.00
3/31/2014,1199.80
3/31/2014,599.00
3/31/2014,2992.30
3/31/2014,359.40
3/31/2014,1580.00
3/31/2014,401.90
3/31/2014,999.90
3/31/2014,10242.00
3/31/2014,1980.00
3/31/2014,462.42
4/1/2014,242.91
4/1/2014,8136.00
4/1/2014,4865.00
4/2/2014,663.60
4/2/2014,4107.60
4/2/2014,2076.80
4/2/2014,4598.00
4/2/2014,1539.40
4/2/2014,739.80
4/2/2014,5868.00
4/2/2014,4990.00
4/2/2014,16000.00
4/2/2014,211.82
4/2/2014,2108.40
4/2/2014,1999.50
4/2/2014,5880.00
4/2/2014,5800.00
4/2/2014,912.90
4/2/2014,39933.00
4/2/2014,3390.00
4/2/2014,4380.00
4/3/2014,3290.00
4/3/2014,2738.80
4/3/2014,3829.50
4/3/2014,2151.00
4/3/2014,359.90
4/3/2014,1079.82
4/3/2014,8139.60
4/3/2014,2680.00
4/4/2014,4560.00
4/4/2014,26099.91
4/4/2014,6990.00
4/4/2014,2900.00
4/4/2014,1269.00
4/4/2014,3890.00
4/4/2014,6290.00
4/5/2014,6330.00
4/5/2014,2480.00
4/5/2014,2999.00
4/5/2014,3380.00
4/5/2014,463.98
4/5/2014,7773.60
4/5/2014,1519.80
4/5/2014,1999.00
4/6/2014,7056.40
4/6/2014,7773.60
4/6/2014,4399.00
4/6/2014,950.00
4/6/2014,10300.00
4/6/2014,589.90
4/7/2014,3984.00
4/7/2014,5398.00
4/7/2014,839.80
4/7/2014,1340.00
4/7/2014,2376.00
4/8/2014,1790.00
4/8/2014,4284.00
4/8/2014,3290.00
4/8/2014,3000.00
4/8/2014,798.00
4/8/2014,2290.00
4/8/2014,5640.00
4/8/2014,599.60
4/8/2014,1582.58
4/8/2014,9990.00
4/8/2014,3829.50
4/9/2014,47400.00
4/9/2014,3829.50
4/9/2014,2412.80
4/9/2014,16426.50
4/9/2014,3996.00
4/9/2014,7990.00
4/9/2014,3915.10
4/9/2014,401.90
4/9/2014,356.41
4/10/2014,9945.00
4/10/2014,1599.90
4/10/2014,1599.90
4/10/2014,6556.50
4/10/2014,6520.00
4/10/2014,309.51
4/10/2014,16200.00
4/10/2014,3290.00
4/10/2014,6596.20
4/10/2014,3780.00
4/10/2014,4999.00
4/10/2014,7580.00
4/11/2014,3829.50
4/11/2014,13770.00
4/11/2014,5990.00
4/11/2014,4999.00
4/11/2014,5000.00
4/11/2014,7580.00
4/11/2014,389.90
4/11/2014,2550.00
4/11/2014,389.90
4/11/2014,10796.00
4/11/2014,3980.00
4/12/2014,3829.50
4/12/2014,2309.00
4/12/2014,1388.80
4/12/2014,1845.00
4/12/2014,4000.00
4/12/2014,6520.00
4/12/2014,306.80
4/12/2014,2780.00
4/12/2014,3660.00
4/13/2014,4600.00
4/13/2014,3584.40
4/13/2014,5160.00
4/13/2014,4000.00
4/13/2014,3690.00
4/13/2014,3890.00
4/13/2014,263.14
4/13/2014,2508.00
4/13/2014,2899.90
4/13/2014,6990.00
4/13/2014,24240.30
4/13/2014,10448.20
4/13/2014,6990.00
4/13/2014,3380.00
4/13/2014,834.60
4/13/2014,1810.00
4/14/2014,2780.00
4/14/2014,3822.00
4/14/2014,3340.00
4/14/2014,1150.00
4/14/2014,2780.00
4/14/2014,3800.00
4/14/2014,12990.00
4/14/2014,1500.00
4/14/2014,2040.00
4/14/2014,1980.00
4/14/2014,419.20
4/14/2014,5398.00
4/14/2014,3690.00
4/14/2014,2990.00
4/15/2014,1340.00
4/15/2014,15922.00
4/15/2014,32970.00
4/15/2014,5290.00
4/15/2014,12990.00
4/15/2014,1340.00
4/15/2014,3829.50
4/15/2014,5712.00
4/15/2014,6520.00
4/15/2014,1000.00
4/15/2014,2180.00
4/15/2014,419.20
4/15/2014,163.90
4/16/2014,1269.60
4/16/2014,4180.00
4/16/2014,4399.00
4/16/2014,5398.00
4/16/2014,5990.00
4/17/2014,6520.00
4/17/2014,289.90
4/17/2014,678.00
4/17/2014,165.00
4/17/2014,24990.00
4/17/2014,2190.00
4/18/2014,199.80
4/18/2014,690.00
4/18/2014,2960.00
4/18/2014,299.80
4/18/2014,598.00
4/18/2014,8800.00
4/18/2014,1522.20
4/19/2014,1799.90
4/19/2014,230.00
4/19/2014,2190.00
4/19/2014,3829.50
4/19/2014,4590.20
4/19/2014,4990.00
4/19/2014,2190.00
4/19/2014,9020.20
4/19/2014,4270.00
4/19/2014,1624.00
4/19/2014,3300.00
4/19/2014,999.20
4/20/2014,2117.70
4/20/2014,478.00
4/20/2014,2218.40
4/20/2014,4999.90
4/20/2014,419.20
4/20/2014,1969.00
4/20/2014,199.80
4/20/2014,3800.00
4/20/2014,1690.00
4/21/2014,2399.52
4/21/2014,2427.60
4/21/2014,399.00
4/21/2014,3894.00
4/21/2014,2300.00
4/21/2014,169.90
4/21/2014,5990.00
4/21/2014,15585.80
4/21/2014,4999.00
4/21/2014,1519.80
4/21/2014,9990.00
4/21/2014,3127.80
4/22/2014,2199.80
4/22/2014,3990.00
4/22/2014,2000.00
4/22/2014,811.00
4/22/2014,6270.00
4/22/2014,2510.00
4/22/2014,474.40
4/22/2014,589.88
4/22/2014,4999.90
4/22/2014,9990.00
4/22/2014,2855.52
4/23/2014,2900.00
4/23/2014,3800.00
4/23/2014,5220.00
4/23/2014,1507.94
4/23/2014,7644.40
4/23/2014,1918.00
4/23/2014,1000.00
4/23/2014,8780.00
4/23/2014,2590.00
4/23/2014,110.20
4/23/2014,1000.00
4/23/2014,578.80
4/23/2014,3300.00
4/23/2014,3560.00
4/23/2014,169.90
4/23/2014,8600.00
4/23/2014,6423.62
4/23/2014,3097.20
4/23/2014,5490.00
4/24/2014,2290.00
4/24/2014,5990.00
4/24/2014,3000.00
4/24/2014,5399.00
4/24/2014,1499.90
4/24/2014,5690.00
4/24/2014,7524.00
4/24/2014,359.90
4/24/2014,399.60
4/24/2014,9996.00
4/24/2014,2199.30
4/25/2014,228.90
4/25/2014,3300.00
4/25/2014,5081.30
4/25/2014,4999.00
4/25/2014,578.80
4/25/2014,2990.00
4/25/2014,11688.30
4/25/2014,16000.00
4/25/2014,2190.00
4/25/2014,2599.90
4/26/2014,6080.00
4/26/2014,1947.99
4/26/2014,1980.00
4/26/2014,2780.00
4/26/2014,1120.00
4/26/2014,6200.00
4/26/2014,229.90
4/26/2014,1380.00
4/26/2014,2510.00
4/26/2014,2590.00
4/26/2014,7992.00
4/26/2014,4979.60
4/26/2014,4800.00
4/26/2014,1000.00
4/26/2014,6240.00
4/26/2014,12990.00
4/26/2014,560.00
4/27/2014,4598.00
4/27/2014,811.00
4/27/2014,839.80
4/27/2014,7580.00
4/27/2014,4170.70
4/27/2014,538.00
4/27/2014,2338.00
4/28/2014,2499.90
4/28/2014,6990.00
4/28/2014,2992.30
4/28/2014,2660.00
4/28/2014,5398.00
4/28/2014,3320.00
4/28/2014,7120.00
4/29/2014,1150.00
4/29/2014,3580.00
4/29/2014,5199.80
4/29/2014,336.28
4/29/2014,13040.00
4/29/2014,2199.80
4/29/2014,6650.00
4/29/2014,2800.00
4/29/2014,12990.00
4/29/2014,1490.00
4/29/2014,5950.00
4/30/2014,1499.90
4/30/2014,269.90
4/30/2014,5938.10
4/30/2014,3829.50
4/30/2014,3617.60
4/30/2014,137.34
4/30/2014,569.90
4/30/2014,161.12
4/30/2014,6990.00
4/30/2014,1869.00
5/1/2014,269.90
5/1/2014,312.00
5/1/2014,11990.00
5/1/2014,5690.00
5/1/2014,4110.00
5/1/2014,2990.00
5/1/2014,10324.00
5/1/2014,2000.00
5/1/2014,2237.20
5/1/2014,569.90
5/1/2014,3960.00
5/1/2014,3390.00
5/1/2014,8248.20
5/1/2014,2580.00
5/2/2014,9690.00
5/2/2014,19.00
5/2/2014,1200.00
5/2/2014,11849.70
5/2/2014,438.10
5/2/2014,7056.00
5/2/2014,3020.00
5/2/2014,239.00
5/2/2014,6520.00
5/2/2014,1980.00
5/2/2014,6520.00
5/2/2014,6708.00
5/2/2014,3980.00
5/2/2014,5880.00
5/3/2014,6654.00
5/3/2014,2310.00
5/3/2014,1624.00
5/3/2014,4557.70
5/3/2014,3800.00
5/3/2014,1800.00
5/4/2014,4990.00
5/4/2014,4068.00
5/4/2014,278.00
5/4/2014,458.00
5/4/2014,3260.00
5/4/2014,11987.70
5/4/2014,1290.00
5/4/2014,1470.00
5/4/2014,199.50
5/4/2014,1199.04
5/4/2014,1799.90
5/5/2014,1329.90
5/5/2014,2310.00
5/5/2014,4270.00
5/5/2014,9488.00
5/5/2014,1880.00
5/5/2014,5990.00
5/5/2014,601.80
5/5/2014,6520.00
5/5/2014,15800.00
5/5/2014,10999.90
5/5/2014,259.00
5/5/2014,2290.00
5/5/2014,3919.00
5/6/2014,7316.00
5/6/2014,3390.00
5/6/2014,6240.00
5/6/2014,3829.50
5/6/2014,5990.00
5/6/2014,2660.00
5/6/2014,1090.00
5/6/2014,1139.80
5/6/2014,398.84
5/6/2014,12780.00
5/7/2014,5580.00
5/7/2014,519.60
5/7/2014,2204.00
5/7/2014,4849.80
5/7/2014,4188.60
5/7/2014,6396.63
5/7/2014,4590.00
5/7/2014,15600.00
5/7/2014,2080.00
5/7/2014,6990.00
5/7/2014,2300.00
5/8/2014,3580.00
5/8/2014,2594.20
5/8/2014,3829.50
5/8/2014,7791.40
5/8/2014,5860.00
5/8/2014,4590.00
5/8/2014,3290.00
5/8/2014,6240.00
5/8/2014,1690.00
5/8/2014,2390.00
5/8/2014,3990.00
5/8/2014,4702.50
5/9/2014,3919.00
5/9/2014,229.90
5/9/2014,259.80
5/9/2014,228.90
5/9/2014,5680.00
5/9/2014,1303.50
5/9/2014,1199.80
5/10/2014,1880.00
5/10/2014,1141.21
5/10/2014,3960.00
5/10/2014,3980.00
5/10/2014,2360.00
5/10/2014,372.84
5/10/2014,12480.00
5/10/2014,12990.00
5/10/2014,2094.30
5/10/2014,661.64
5/11/2014,6190.00
5/11/2014,599.00
5/11/2014,3680.00
5/11/2014,7197.60
5/11/2014,2390.00
5/11/2014,5790.00
5/11/2014,5800.00
5/11/2014,15922.00
5/11/2014,12990.00
5/12/2014,1799.90
5/12/2014,199.50
5/12/2014,1248.30
5/12/2014,2900.00
5/12/2014,7794.00
5/12/2014,3980.00
5/12/2014,11564.00
5/12/2014,1885.00
5/12/2014,839.88
5/12/2014,1920.00
5/12/2014,2274.25
5/12/2014,7192.00
5/12/2014,1329.90
5/13/2014,1630.48
5/13/2014,1799.90
5/13/2014,239.00
5/13/2014,6990.00
5/13/2014,2319.42
5/13/2014,7580.00
5/13/2014,20970.00
5/13/2014,2437.80
5/13/2014,17800.00
5/13/2014,678.00
5/13/2014,6622.20
5/13/2014,5660.00
5/13/2014,4290.00
5/13/2014,3020.00
5/13/2014,2780.00
5/14/2014,3948.00
5/14/2014,6240.00
5/14/2014,22740.00
5/14/2014,4110.00
5/14/2014,3600.00
5/14/2014,399.60
5/14/2014,6657.30
5/14/2014,230.00
5/14/2014,680.00
5/14/2014,2960.00
5/14/2014,1340.00
5/14/2014,3829.50
5/14/2014,2691.00
5/14/2014,1019.80
5/14/2014,10645.77
5/14/2014,15585.80
5/15/2014,3800.00
5/15/2014,2496.00
5/15/2014,3890.00
5/15/2014,6990.00
5/15/2014,3100.00
5/15/2014,5999.00
5/15/2014,2990.00
5/15/2014,5059.92
5/16/2014,4000.00
5/16/2014,9142.70
5/16/2014,8388.00
5/16/2014,1888.00
5/16/2014,5399.00
5/16/2014,3162.40
5/16/2014,6000.00
5/16/2014,1439.76
5/16/2014,4799.70
5/17/2014,278.00
5/17/2014,5590.00
5/17/2014,417.48
5/17/2014,2580.00
5/17/2014,4999.90
5/17/2014,5990.00
5/17/2014,5560.00
5/17/2014,1416.10
5/17/2014,8690.00
5/17/2014,11980.00
5/17/2014,3890.00
5/17/2014,1374.00
5/18/2014,2424.40
5/18/2014,7140.00
5/18/2014,431.40
5/18/2014,358.00
5/18/2014,3399.80
5/18/2014,4000.00
5/18/2014,5494.61
5/18/2014,3728.40
5/18/2014,2599.90
5/18/2014,598.00
5/18/2014,1038.20
5/18/2014,609.90
5/18/2014,7580.00
5/18/2014,1340.00
5/18/2014,1100.00
5/19/2014,1519.80
5/19/2014,679.80
5/19/2014,3290.00
5/19/2014,4600.00
5/19/2014,1833.25
5/19/2014,1499.90
5/19/2014,7980.00
5/19/2014,2868.00
5/19/2014,3829.50
5/19/2014,8190.00
5/19/2014,999.20
5/19/2014,458.00
5/19/2014,510.00
5/19/2014,6730.00
5/19/2014,2123.88
5/20/2014,2487.10
5/20/2014,4280.40
5/20/2014,3829.50
5/20/2014,10000.00
5/20/2014,2960.00
5/20/2014,398.00
5/20/2014,5234.81
5/20/2014,2280.00
5/20/2014,8190.00
5/20/2014,7534.20
5/20/2014,476.00
5/20/2014,28999.90
5/20/2014,6520.00
5/21/2014,5370.30
5/21/2014,6790.00
5/21/2014,2877.00
5/21/2014,1980.00
5/21/2014,10990.00
5/21/2014,5990.00
5/21/2014,6990.00
5/21/2014,3800.00
5/22/2014,289.90
5/22/2014,499.80
5/22/2014,6990.00
5/22/2014,3890.00
5/22/2014,3080.00
5/22/2014,7839.20
5/22/2014,2790.00
5/22/2014,8148.00
5/22/2014,8380.00
5/22/2014,3499.50
5/22/2014,3960.00
5/22/2014,4000.00
5/22/2014,238.00
5/22/2014,289.90
5/23/2014,259.00
5/23/2014,10796.00
5/23/2014,47252.70
5/23/2014,2867.76
5/23/2014,664.02
5/23/2014,2690.00
5/23/2014,259.80
5/23/2014,1864.40
5/23/2014,3000.00
5/23/2014,5680.00
5/23/2014,2900.00
5/23/2014,3020.00
5/23/2014,278.00
5/23/2014,1359.60
5/23/2014,1580.00
5/23/2014,6270.00
5/23/2014,8724.00
5/24/2014,7068.20
5/24/2014,578.80
5/24/2014,3890.00
5/24/2014,1630.00
5/24/2014,2323.42
5/24/2014,229.90
5/24/2014,3560.00
5/24/2014,2158.65
5/24/2014,404.80
5/24/2014,3399.80
5/24/2014,1869.00
5/24/2014,4990.00
5/24/2014,3020.00
5/25/2014,320.00
5/25/2014,4990.00
5/25/2014,798.00
5/25/2014,2580.00
5/25/2014,3954.60
5/25/2014,2133.00
5/25/2014,268.98
5/25/2014,2300.00
5/25/2014,5324.40
5/25/2014,5990.00
5/25/2014,5398.00
5/25/2014,270.00
5/25/2014,4090.00
5/26/2014,3399.80
5/26/2014,4999.80
5/26/2014,7068.20
5/26/2014,5199.80
5/26/2014,5990.00
5/26/2014,6320.00
5/26/2014,759.00
5/26/2014,329.90
5/26/2014,3990.00
5/26/2014,599.00
5/26/2014,4805.00
5/26/2014,5290.00
5/26/2014,5490.00
5/26/2014,8248.20
5/27/2014,1560.00
5/27/2014,1290.00
5/27/2014,2580.00
5/27/2014,35970.00
5/27/2014,4598.00
5/27/2014,6520.00
5/27/2014,8248.20
5/27/2014,9234.76
5/27/2014,237.76
5/27/2014,6600.00
5/27/2014,2725.80
5/27/2014,5660.00
5/27/2014,5680.00
5/27/2014,2199.80
5/27/2014,228.90
5/28/2014,1194.00
5/28/2014,4266.00
5/28/2014,6990.00
5/28/2014,759.00
5/28/2014,5990.00
5/28/2014,19560.00
5/28/2014,790.00
5/28/2014,3980.00
5/28/2014,2810.00
5/29/2014,14101.14
5/29/2014,5148.00
5/29/2014,834.60
5/29/2014,22950.00
5/29/2014,5160.00
5/29/2014,11090.00
5/29/2014,3572.80
5/29/2014,359.90
5/29/2014,4320.00
5/30/2014,7960.00
5/30/2014,7488.00
5/30/2014,4503.00
5/30/2014,3336.00
5/30/2014,6520.00
5/30/2014,7534.20
5/30/2014,1210.00
5/30/2014,19340.00
5/30/2014,2960.00
5/30/2014,4633.20
5/30/2014,4590.00
5/30/2014,6450.00
5/30/2014,289.90
5/31/2014,1380.00
5/31/2014,2680.00
5/31/2014,2040.00
5/31/2014,269.90
5/31/2014,2992.30
5/31/2014,1199.80
5/31/2014,5712.00
5/31/2014,2519.40
5/31/2014,6520.00
5/31/2014,3990.00
6/1/2014,2218.40
6/1/2014,9532.10
6/1/2014,1980.00
6/1/2014,1980.00
6/1/2014,3800.00
6/1/2014,431.88
6/1/2014,115.00
6/1/2014,6160.00
6/1/2014,6990.00
6/2/2014,12748.40
6/2/2014,229.90
6/2/2014,275.88
6/2/2014,19189.89
6/2/2014,299.50
6/2/2014,9990.00
6/2/2014,4498.20
6/3/2014,2799.90
6/3/2014,538.00
6/3/2014,5990.00
6/3/2014,7596.00
6/3/2014,6484.40
6/3/2014,8500.00
6/3/2014,4999.00
6/3/2014,7580.00
6/3/2014,1099.50
6/4/2014,5680.00
6/4/2014,3816.40
6/4/2014,6990.00
6/4/2014,696.08
6/4/2014,538.00
6/4/2014,4696.40
6/4/2014,2199.80
6/4/2014,5860.00
6/4/2014,3080.00
6/5/2014,5105.10
6/5/2014,719.80
6/5/2014,7758.80
6/5/2014,3174.00
6/5/2014,3480.00
6/5/2014,1998.40
6/6/2014,10324.00
6/6/2014,7187.60
6/6/2014,24990.00
6/6/2014,839.88
6/6/2014,1385.40
6/6/2014,973.20
6/6/2014,1159.88
6/6/2014,7056.00
6/6/2014,132.76
6/6/2014,1896.00
6/6/2014,3800.00
6/7/2014,2376.00
6/7/2014,1710.00
6/7/2014,2320.00
6/7/2014,2366.10
6/7/2014,3190.00
6/7/2014,1793.36
6/7/2014,4560.00
6/7/2014,7230.60
6/7/2014,7056.00
6/7/2014,14608.40
6/7/2014,315.78
6/7/2014,9020.20
6/7/2014,5508.00
6/7/2014,3348.00
6/8/2014,1776.00
6/8/2014,28999.90
6/8/2014,3954.60
6/8/2014,1856.16
6/8/2014,9670.00
6/8/2014,13540.50
6/8/2014,8178.30
6/8/2014,203.40
6/8/2014,368.90
6/8/2014,349.83
6/8/2014,3980.00
6/8/2014,8248.20
6/8/2014,9096.00
6/8/2014,355.81
6/8/2014,14172.60
6/8/2014,4399.00
6/9/2014,18040.40
6/9/2014,239.40
6/9/2014,10668.00
6/9/2014,1328.20
6/9/2014,2376.00
6/9/2014,2868.00
6/9/2014,3480.00
6/9/2014,7428.00
6/9/2014,7839.20
6/9/2014,278.00
6/9/2014,3570.00
6/9/2014,3510.00
6/9/2014,778.56
6/10/2014,3600.00
6/10/2014,3980.00
6/10/2014,7693.60
6/10/2014,5517.60
6/10/2014,2680.00
6/10/2014,1810.00
6/10/2014,10184.80
6/10/2014,2680.00
6/10/2014,1628.40
6/10/2014,359.40
6/10/2014,7008.30
6/10/2014,2580.00
6/11/2014,6348.00
6/11/2014,11588.40
6/11/2014,1956.00
6/11/2014,13770.00
6/11/2014,6451.81
6/11/2014,3340.80
6/11/2014,3360.00
6/11/2014,4595.40
6/11/2014,203.88
6/12/2014,5059.92
6/12/2014,3096.00
6/12/2014,2080.00
6/12/2014,370.45
6/12/2014,47.56
6/12/2014,1872.00
6/12/2014,538.00
6/12/2014,3018.60
6/12/2014,3380.00
6/13/2014,126.60
6/13/2014,10560.00
6/13/2014,3060.00
6/13/2014,4408.00
6/13/2014,336.28
6/13/2014,11488.50
6/13/2014,1679.76
6/13/2014,275.88
6/14/2014,8248.20
6/14/2014,8868.60
6/14/2014,3012.00
6/14/2014,49980.00
6/14/2014,6240.00
6/14/2014,11976.00
6/14/2014,2274.25
6/14/2014,4296.00
6/14/2014,2784.00
6/14/2014,395.88
6/14/2014,4560.00
6/15/2014,2399.80
6/15/2014,5523.30
6/15/2014,4485.60
6/15/2014,372.00
6/15/2014,5607.00
6/15/2014,7758.80
6/15/2014,589.90
6/15/2014,279.63
6/15/2014,2508.00
6/15/2014,470.82
6/16/2014,4557.11
6/16/2014,1251.12
6/16/2014,135.05
6/16/2014,2310.00
6/16/2014,7200.00
6/16/2014,4866.40
6/16/2014,956.98
6/16/2014,6456.00
6/16/2014,5660.00
6/16/2014,7068.20
6/16/2014,1624.00
6/16/2014,8012.20
6/17/2014,6270.00
6/17/2014,10472.00
6/17/2014,332.21
6/17/2014,2362.80
6/17/2014,1885.00
6/17/2014,3553.82
6/17/2014,11788.20
6/18/2014,3096.00
6/18/2014,12990.00
6/18/2014,2780.00
6/18/2014,1795.38
6/18/2014,1758.20
6/18/2014,5620.00
6/18/2014,12051.00
6/19/2014,203.40
6/19/2014,194.70
6/19/2014,517.68
6/19/2014,2128.00
6/19/2014,308.10
6/19/2014,3057.30
6/19/2014,2990.00
6/19/2014,4270.00
6/19/2014,4795.20
6/19/2014,198.00
6/19/2014,2868.00
6/19/2014,3948.00
6/19/2014,4791.20
6/19/2014,110.20
6/19/2014,4503.00
6/19/2014,8318.10
6/19/2014,402.22
6/19/2014,3498.30
6/19/2014,5639.40
6/19/2014,21116.48
6/20/2014,2958.00
6/20/2014,1864.32
6/20/2014,4317.30
6/20/2014,2079.30
6/20/2014,4795.20
6/20/2014,7693.60
6/20/2014,677.20
6/20/2014,239.76
6/20/2014,355.81
6/20/2014,4795.20
6/20/2014,948.00
6/20/2014,3468.40
6/21/2014,2999.00
6/21/2014,6990.00
6/21/2014,10401.30
6/21/2014,4595.40
6/21/2014,3315.80
6/21/2014,3216.00
6/21/2014,196.35
6/21/2014,2508.00
6/22/2014,7188.00
6/22/2014,161.12
6/22/2014,2448.00
6/22/2014,7872.00
6/22/2014,2280.00
6/22/2014,9096.00
6/22/2014,11948.00
6/22/2014,3390.00
6/22/2014,372.00
6/22/2014,8910.50
6/22/2014,2702.70
6/22/2014,2262.00
6/22/2014,599.76
6/22/2014,834.60
6/22/2014,1920.00
6/23/2014,2360.00
6/23/2014,5081.30
6/23/2014,3486.60
6/23/2014,2911.60
6/23/2014,358.80
6/23/2014,1200.00
6/23/2014,1919.00
6/23/2014,3336.00
6/23/2014,3340.00
6/23/2014,12990.00
6/23/2014,616.56
6/24/2014,2760.80
6/24/2014,1200.00
6/24/2014,3680.00
6/24/2014,1856.40
6/24/2014,1896.00
6/24/2014,5998.80
6/24/2014,482.28
6/24/2014,1455.94
6/24/2014,3216.00
6/24/2014,259.80
6/25/2014,3112.20
6/25/2014,2424.40
6/25/2014,1385.40
6/25/2014,2399.40
6/25/2014,305.62
6/25/2014,11990.00
6/25/2014,4932.00
6/25/2014,611.88
6/25/2014,4560.00
6/25/2014,3108.00
6/25/2014,4590.20
6/25/2014,7425.60
6/25/2014,1224.00
6/26/2014,3096.00
6/26/2014,135.70
6/26/2014,2214.00
6/26/2014,4110.00
6/26/2014,7428.00
6/26/2014,7668.00
6/26/2014,3336.00
6/26/2014,2376.00
6/26/2014,1554.40
6/26/2014,9906.60
6/26/2014,6990.00
6/26/2014,7920.00
6/26/2014,1908.00
6/27/2014,9096.00
6/27/2014,1863.96
6/27/2014,22.52
6/27/2014,289.90
6/27/2014,7896.00
6/28/2014,3456.00
6/28/2014,963.30
6/28/2014,2748.00
6/28/2014,13176.00
6/28/2014,1679.76
6/28/2014,1357.20
6/28/2014,3216.00
6/28/2014,247.80
6/28/2014,3190.00
6/28/2014,22.80
6/28/2014,8248.20
6/29/2014,5988.00
6/29/2014,333.60
6/29/2014,3096.00
6/29/2014,2499.90
6/29/2014,1573.60
6/29/2014,13192.40
6/29/2014,2417.40
6/29/2014,2157.60
6/29/2014,5184.00
6/29/2014,3874.40
6/29/2014,376.83
6/29/2014,237.76
6/29/2014,7693.60
6/29/2014,1823.76
6/29/2014,372.00
6/29/2014,1151.40
6/29/2014,4080.00
6/29/2014,1141.21
6/29/2014,1140.00
6/30/2014,7428.00
6/30/2014,272.54
6/30/2014,3147.30
6/30/2014,210.00
6/30/2014,4590.00
6/30/2014,7128.10
6/30/2014,11988.00
6/30/2014,2366.10
6/30/2014,4953.30
6/30/2014,347.88
6/30/2014,235.76
6/30/2014,1580.00
6/30/2014,286.80
6/30/2014,6565.60
6/30/2014,146.86
6/30/2014,1535.10
6/30/2014,7056.00
7/1/2014,231.42
7/1/2014,517.68
7/1/2014,4879.00
7/1/2014,7693.60
7/1/2014,2960.00
7/1/2014,3108.00
7/1/2014,239.76
7/1/2014,359.76
7/1/2014,6396.63
7/1/2014,263.14
7/1/2014,4068.00
7/1/2014,6240.00
7/2/2014,2214.00
7/2/2014,3538.82
7/2/2014,2606.76
7/2/2014,2990.00
7/2/2014,1532.82
7/2/2014,308.21
7/2/2014,3060.00
7/2/2014,1860.30
7/2/2014,10680.00
7/2/2014,3057.30
7/3/2014,1584.00
7/3/2014,4800.00
7/3/2014,1864.40
7/3/2014,164.02
7/3/2014,2376.00
7/3/2014,7086.30
7/3/2014,2117.70
7/3/2014,960.00
7/3/2014,2208.00
7/3/2014,7726.20
7/3/2014,11995.20
7/3/2014,1871.88
7/3/2014,6630.30
7/3/2014,16080.00
7/3/2014,7428.00
7/3/2014,5184.00
7/3/2014,1200.00
7/3/2014,6136.40
7/3/2014,1969.00
7/3/2014,4953.30
7/4/2014,764.80
7/4/2014,3520.00
7/4/2014,1814.01
7/4/2014,9552.00
7/4/2014,1608.00
7/4/2014,3588.00
7/4/2014,2748.00
7/4/2014,4821.66
7/4/2014,4296.00
7/4/2014,259.80
7/5/2014,7804.50
7/5/2014,6067.20
7/5/2014,6429.10
7/5/2014,3551.80
7/5/2014,7534.20
7/5/2014,284.41
7/5/2014,2376.00
7/5/2014,4595.40
7/6/2014,6854.81
7/6/2014,2269.50
7/6/2014,2346.30
7/6/2014,624.00
7/6/2014,3290.00
7/6/2014,2980.00
7/6/2014,606.78
7/6/2014,5990.00
7/6/2014,4100.00
7/7/2014,2388.00
7/7/2014,2127.10
7/7/2014,7193.70
7/7/2014,713.88
7/7/2014,6484.40
7/7/2014,1560.00
7/7/2014,11301.30
7/7/2014,2660.00
7/7/2014,1180.00
7/8/2014,1880.00
7/8/2014,1872.30
7/8/2014,1380.00
7/8/2014,21491.40
7/8/2014,6540.30
7/8/2014,5735.80
7/8/2014,8000.00
7/8/2014,7078.82
7/8/2014,4627.15
7/8/2014,9072.00
7/8/2014,6370.82
7/9/2014,7990.00
7/9/2014,1259.02
7/9/2014,469.64
7/9/2014,9500.40
7/9/2014,3915.10
7/9/2014,3108.80
7/9/2014,431.40
7/9/2014,1887.88
7/9/2014,7528.40
7/10/2014,7188.00
7/10/2014,353.76
7/10/2014,5398.00
7/10/2014,270.00
7/10/2014,2759.00
7/11/2014,14646.60
7/11/2014,2269.50
7/11/2014,3162.40
7/11/2014,1522.20
7/11/2014,2284.04
7/11/2014,1883.40
7/11/2014,3290.00
7/12/2014,2868.00
7/12/2014,2177.10
7/12/2014,2379.41
7/12/2014,7824.00
7/12/2014,809.20
7/12/2014,15200.00
7/12/2014,7404.30
7/12/2014,239.40
7/12/2014,267.84
7/13/2014,3180.00
7/13/2014,14275.24
7/13/2014,1653.00
7/13/2014,10015.20
7/13/2014,392.58
7/13/2014,24990.00
7/13/2014,126.60
7/13/2014,5212.20
7/13/2014,8700.00
7/13/2014,5400.00
7/13/2014,1607.67
7/13/2014,299.80
7/13/2014,6295.10
7/14/2014,3082.10
7/14/2014,4547.56
7/14/2014,299.13
7/14/2014,186.90
7/14/2014,3907.80
7/14/2014,3728.80
7/14/2014,5288.40
7/14/2014,13884.00
7/14/2014,4480.52
7/14/2014,1000.00
7/14/2014,4953.30
7/14/2014,5990.00
7/15/2014,3829.50
7/15/2014,5190.30
7/15/2014,2172.00
7/15/2014,3560.00
7/15/2014,3600.00
7/15/2014,12975.30
7/15/2014,305.62
7/15/2014,2378.00
7/15/2014,802.16
7/15/2014,4342.40
7/15/2014,940.10
7/15/2014,6370.82
7/15/2014,1192.98
7/15/2014,3537.20
7/15/2014,6879.60
7/16/2014,8388.00
7/16/2014,8791.20
7/16/2014,4320.00
7/16/2014,8199.10
7/16/2014,4990.00
7/16/2014,3216.00
7/16/2014,7791.40
7/16/2014,373.09
7/17/2014,9800.00
7/17/2014,7425.60
7/17/2014,5990.00
7/17/2014,22950.00
7/18/2014,4866.40
7/18/2014,834.60
7/18/2014,6424.81
7/18/2014,389.90
7/18/2014,5698.50
7/18/2014,3690.00
7/18/2014,3475.10
7/18/2014,1736.00
7/18/2014,6828.00
7/18/2014,3943.50
7/18/2014,4481.10
7/18/2014,4953.30
7/18/2014,7580.00
7/18/2014,965.09
7/19/2014,4890.90
7/19/2014,3537.20
7/19/2014,4557.11
7/19/2014,7920.00
7/19/2014,4672.80
7/19/2014,2679.60
7/19/2014,6990.00
7/19/2014,312.00
7/19/2014,6560.00
7/19/2014,19140.00
7/19/2014,2268.60
7/20/2014,199.80
7/20/2014,5639.40
7/20/2014,328.04
7/20/2014,2296.20
7/20/2014,7394.40
7/20/2014,5422.10
7/20/2014,332.21
7/20/2014,228.90
7/20/2014,10300.00
7/20/2014,1682.10
7/20/2014,6890.00
7/21/2014,6948.40
7/21/2014,309.51
7/21/2014,6291.00
7/21/2014,2251.20
7/21/2014,3580.00
7/21/2014,8108.40
7/21/2014,1776.00
7/21/2014,1368.80
7/21/2014,5190.78
7/21/2014,5378.80
7/21/2014,125.01
7/21/2014,115.00
7/21/2014,227.43
7/21/2014,7398.60
7/22/2014,5238.30
7/22/2014,1270.20
7/22/2014,6716.40
7/22/2014,45900.00
7/22/2014,3083.10
7/22/2014,9234.00
7/22/2014,4318.80
7/22/2014,4399.00
7/22/2014,1433.76
7/23/2014,4990.00
7/23/2014,6520.00
7/23/2014,6550.00
7/24/2014,1496.40
7/24/2014,3800.00
7/24/2014,1896.00
7/24/2014,2009.70
7/24/2014,6242.20
7/24/2014,400.02
7/24/2014,1682.00
7/24/2014,2960.00
7/24/2014,7791.40
7/24/2014,13994.40
7/25/2014,15100.80
7/25/2014,4380.00
7/25/2014,4976.40
7/25/2014,9096.00
7/25/2014,200.48
7/25/2014,11691.00
7/25/2014,11900.00
7/26/2014,6890.00
7/26/2014,2076.40
7/26/2014,2899.90
7/26/2014,1490.00
7/26/2014,3948.00
7/26/2014,2366.10
7/26/2014,2663.15
7/26/2014,3320.00
7/26/2014,2780.00
7/26/2014,1896.00
7/26/2014,622.22
7/26/2014,4000.00
7/27/2014,3468.40
7/27/2014,968.00
7/27/2014,7174.40
7/27/2014,3408.26
7/27/2014,5156.80
7/27/2014,1635.60
7/27/2014,3980.00
7/27/2014,1658.76
7/27/2014,3980.00
7/28/2014,98.90
7/28/2014,7580.00
7/28/2014,3308.20
7/28/2014,1171.15
7/28/2014,358.00
7/28/2014,4795.20
7/28/2014,276.00
7/28/2014,6190.00
7/28/2014,3320.00
7/28/2014,2578.40
7/28/2014,950.00
7/28/2014,1199.04
7/28/2014,405.60
7/28/2014,907.01
7/28/2014,4110.00
7/28/2014,2300.00
7/28/2014,7128.10
7/28/2014,334.88
7/28/2014,4000.00
7/29/2014,1888.00
7/29/2014,3528.20
7/29/2014,16837.80
7/29/2014,1800.00
7/29/2014,24990.00
7/29/2014,7195.20
7/29/2014,115.00
7/29/2014,7078.82
7/29/2014,431.88
7/29/2014,13400.00
7/30/2014,8791.20
7/30/2014,8944.40
7/30/2014,2496.00
7/30/2014,2832.20
7/30/2014,2290.00
7/30/2014,1000.00
7/30/2014,8388.00
7/30/2014,4028.76
7/30/2014,2990.00
7/30/2014,812.36
7/30/2014,1554.40
7/30/2014,4188.60
7/30/2014,7980.00
7/30/2014,9006.00
7/30/2014,3427.26
7/31/2014,5814.00
7/31/2014,3010.00
7/31/2014,5592.64
7/31/2014,1248.44
7/31/2014,5147.16
7/31/2014,2261.00
7/31/2014,2862.30
7/31/2014,959.00
7/31/2014,477.52
7/31/2014,584.88
7/31/2014,3599.88
7/31/2014,811.00
7/31/2014,289.90
7/31/2014,2291.40
8/1/2014,16000.00
8/1/2014,6820.80
8/1/2014,330.82
8/1/2014,17850.00
8/1/2014,6396.63
8/1/2014,1427.76
8/1/2014,210.48
8/1/2014,23030.00
8/1/2014,46.96
8/1/2014,274.35
8/2/2014,350.24
8/2/2014,111.15
8/2/2014,2680.00
8/2/2014,4205.40
8/2/2014,283.22
8/2/2014,2550.00
8/2/2014,3160.00
8/2/2014,7485.10
8/2/2014,3100.00
8/2/2014,8690.00
8/3/2014,872.96
8/3/2014,859.80
8/3/2014,21384.30
8/3/2014,275.88
8/3/2014,509.05
8/3/2014,8318.10
8/3/2014,6330.00
8/3/2014,253.64
8/3/2014,9870.00
8/3/2014,2990.00
8/3/2014,7116.20
8/4/2014,4200.80
8/4/2014,6484.40
8/4/2014,3100.00
8/4/2014,3188.02
8/4/2014,3943.50
8/4/2014,1322.40
8/4/2014,6291.00
8/4/2014,7693.60
8/4/2014,7854.00
8/4/2014,11988.00
8/4/2014,3220.80
8/4/2014,26681.60
8/4/2014,687.30
8/4/2014,4586.40
8/4/2014,4999.90
8/4/2014,1845.00
8/4/2014,10186.40
8/5/2014,3276.00
8/5/2014,2990.40
8/5/2014,3108.80
8/5/2014,3780.00
8/5/2014,285.60
8/5/2014,5721.30
8/5/2014,3728.40
8/5/2014,2242.00
8/5/2014,1999.50
8/5/2014,2990.00
8/6/2014,11966.70
8/6/2014,2446.40
8/6/2014,7128.10
8/6/2014,13066.00
8/6/2014,907.01
8/6/2014,3383.10
8/6/2014,12232.50
8/6/2014,498.85
8/6/2014,3920.80
8/6/2014,1790.00
8/6/2014,4990.23
8/6/2014,2627.40
8/6/2014,25980.00
8/6/2014,513.21
8/6/2014,3201.10
8/7/2014,196.35
8/7/2014,5980.00
8/7/2014,3560.00
8/7/2014,599.76
8/7/2014,6390.00
8/7/2014,2273.78
8/7/2014,7780.50
8/8/2014,5199.30
8/8/2014,3363.00
8/8/2014,4569.00
8/8/2014,4995.90
8/8/2014,609.90
8/8/2014,3263.70
8/8/2014,6718.89
8/8/2014,4518.81
8/8/2014,1896.00
8/8/2014,2691.00
8/9/2014,7726.20
8/9/2014,8178.30
8/9/2014,16239.94
8/9/2014,350.42
8/9/2014,8388.00
8/9/2014,6990.00
8/9/2014,959.00
8/9/2014,2960.00
8/9/2014,10296.00
8/9/2014,372.84
8/9/2014,7548.00
8/9/2014,1969.00
8/9/2014,3010.00
8/9/2014,272.80
8/9/2014,951.76
8/9/2014,167.20
8/9/2014,165.00
8/9/2014,2031.92
8/10/2014,5214.00
8/10/2014,3700.40
8/10/2014,6588.80
8/10/2014,332.01
8/11/2014,2816.00
8/11/2014,8178.30
8/11/2014,16.72
8/11/2014,4182.73
8/11/2014,5331.10
8/11/2014,4200.80
8/11/2014,7176.00
8/11/2014,10401.30
8/11/2014,2510.00
8/11/2014,7960.00
8/11/2014,9860.00
8/11/2014,237.76
8/12/2014,2199.91
8/12/2014,2290.00
8/12/2014,2962.40
8/12/2014,31197.60
8/12/2014,9120.00
8/12/2014,240.74
8/12/2014,428.28
8/12/2014,259.80
8/13/2014,2776.80
8/13/2014,5391.00
8/13/2014,5890.00
8/13/2014,2691.00
8/13/2014,1992.30
8/13/2014,4160.00
8/13/2014,424.68
8/13/2014,10311.40
8/13/2014,2186.73
8/13/2014,1150.00
8/13/2014,3690.00
8/13/2014,2992.30
8/13/2014,382.40
8/13/2014,4110.00
8/13/2014,7204.80
8/14/2014,2237.20
8/14/2014,2748.90
8/14/2014,2410.33
8/14/2014,1980.00
8/14/2014,637.53
8/14/2014,1404.20
8/14/2014,2690.00
8/14/2014,1030.26
8/14/2014,5416.20
8/15/2014,7664.10
8/15/2014,2725.10
8/15/2014,7120.00
8/15/2014,1299.60
8/15/2014,3380.00
8/16/2014,259.80
8/16/2014,6967.73
8/16/2014,2470.20
8/16/2014,2362.80
8/16/2014,6702.40
8/16/2014,2670.00
8/16/2014,7086.30
8/16/2014,747.42
8/16/2014,4788.00
8/16/2014,39.80
8/16/2014,3690.00
8/16/2014,4744.40
8/17/2014,3498.30
8/17/2014,677.20
8/17/2014,1836.00
8/17/2014,8041.00
8/17/2014,1329.90
8/17/2014,508.20
8/17/2014,7068.20
8/18/2014,229.90
8/18/2014,3380.00
8/18/2014,2639.76
8/18/2014,3423.20
8/18/2014,492.80
8/18/2014,1929.30
8/18/2014,2649.20
8/18/2014,2523.00
8/18/2014,4924.20
8/18/2014,509.05
8/19/2014,3690.00
8/19/2014,8388.00
8/19/2014,7128.10
8/19/2014,2680.00
8/19/2014,7404.30
8/19/2014,4416.00
8/19/2014,3580.00
8/19/2014,3849.30
8/19/2014,678.28
8/19/2014,3071.20
8/19/2014,8532.08
8/19/2014,2390.00
8/19/2014,1058.00
8/19/2014,239.94
8/19/2014,7200.00
8/20/2014,4960.00
8/20/2014,223.44
8/20/2014,9998.00
8/20/2014,2099.60
8/20/2014,2999.00
8/20/2014,902.46
8/20/2014,6708.00
8/20/2014,2320.00
8/20/2014,429.90
8/20/2014,4557.11
8/20/2014,5324.40
8/20/2014,1818.30
8/20/2014,1892.10
8/20/2014,346.84
8/21/2014,513.80
8/21/2014,359.90
8/21/2014,9240.00
8/21/2014,6291.00
8/21/2014,2399.60
8/21/2014,1003.56
8/21/2014,1340.00
8/21/2014,6883.20
8/21/2014,19140.00
8/21/2014,2510.00
8/21/2014,24990.00
8/21/2014,3380.00
8/21/2014,5330.20
8/22/2014,1067.82
8/22/2014,1035.30
8/22/2014,1111.50
8/22/2014,4317.30
8/22/2014,4153.10
8/22/2014,1099.50
8/22/2014,5690.00
8/22/2014,6020.00
8/22/2014,1289.91
8/22/2014,351.12
8/22/2014,3190.00
8/22/2014,4317.30
8/23/2014,2702.20
8/23/2014,198.78
8/23/2014,2911.60
8/23/2014,1199.80
8/23/2014,14300.00
8/23/2014,3800.00
8/23/2014,3539.20
8/24/2014,5338.22
8/24/2014,4503.00
8/24/2014,10200.00
8/24/2014,1111.50
8/24/2014,259.00
8/24/2014,2900.00
8/24/2014,766.71
8/24/2014,1199.80
8/24/2014,11313.90
8/24/2014,1351.10
8/25/2014,5784.00
8/25/2014,2748.00
8/25/2014,7664.10
8/25/2014,471.88
8/25/2014,13086.00
8/25/2014,2366.10
8/25/2014,7693.60
8/25/2014,439.82
8/25/2014,2960.00
8/25/2014,5736.00
8/25/2014,1776.00
8/26/2014,5064.00
8/26/2014,5581.10
8/26/2014,4553.70
8/26/2014,2365.00
8/26/2014,4999.00
8/26/2014,945.63
8/26/2014,177.56
8/26/2014,11688.30
8/26/2014,5234.40
8/26/2014,2519.80
8/26/2014,28999.90
8/26/2014,7206.80
8/27/2014,6990.00
8/27/2014,11360.00
8/27/2014,7598.00
8/27/2014,239.76
8/27/2014,3829.50
8/27/2014,288.00
8/27/2014,3738.00
8/27/2014,15485.10
8/27/2014,2251.20
8/27/2014,5880.00
8/27/2014,4721.40
8/27/2014,1994.20
8/27/2014,245.52
8/28/2014,6402.20
8/28/2014,3948.00
8/28/2014,488.25
8/28/2014,11980.00
8/28/2014,6221.10
8/28/2014,2280.00
8/28/2014,9582.30
8/28/2014,5687.10
8/28/2014,3308.80
8/29/2014,2270.40
8/29/2014,1372.80
8/29/2014,15468.20
8/29/2014,323.88
8/29/2014,1286.20
8/29/2014,9120.00
8/29/2014,5590.00
8/29/2014,3849.30
8/30/2014,3980.00
8/30/2014,5890.00
8/30/2014,3228.00
8/30/2014,14531.20
8/30/2014,22950.00
8/30/2014,19.00
8/30/2014,1380.40
8/30/2014,933.13
8/30/2014,2400.00
8/30/2014,3321.00
8/30/2014,6397.82
8/30/2014,2111.82
8/30/2014,5975.20
8/31/2014,3097.20
8/31/2014,5447.20
8/31/2014,9568.10
8/31/2014,616.56
8/31/2014,407.76
8/31/2014,742.79
8/31/2014,8500.00
8/31/2014,5770.20
8/31/2014,4586.40
9/1/2014,8248.20
9/1/2014,2242.80
9/1/2014,6291.00
9/1/2014,22.80
9/1/2014,358.00
9/1/2014,6702.40
9/1/2014,4446.00
9/1/2014,339.21
9/1/2014,3108.80
9/1/2014,1251.12
9/1/2014,1880.00
9/2/2014,318.00
9/2/2014,990.00
9/2/2014,10740.00
9/2/2014,164.72
9/2/2014,4276.45
9/2/2014,1782.00
9/2/2014,9996.00
9/2/2014,1141.21
9/2/2014,5838.30
9/2/2014,825.17
9/2/2014,2790.00
9/2/2014,3580.00
9/2/2014,138.90
9/2/2014,8148.00
9/2/2014,2399.60
9/2/2014,6714.20
9/3/2014,1385.40
9/3/2014,2737.00
9/3/2014,7693.60
9/3/2014,8160.00
9/3/2014,1205.67
9/3/2014,3030.30
9/3/2014,166.68
9/3/2014,1340.00
9/4/2014,3120.00
9/4/2014,3998.40
9/4/2014,113.94
9/4/2014,3780.00
9/4/2014,953.61
9/4/2014,3428.10
9/4/2014,2679.30
9/4/2014,368.90
9/4/2014,2050.00
9/4/2014,3336.00
9/4/2014,1200.00
9/4/2014,4115.21
9/5/2014,3026.60
9/5/2014,4600.00
9/5/2014,3390.00
9/5/2014,1399.80
9/5/2014,12990.00
9/5/2014,1980.00
9/5/2014,320.00
9/5/2014,3499.50
9/5/2014,3400.00
9/6/2014,228.90
9/6/2014,2360.00
9/6/2014,6240.00
9/6/2014,1584.00
9/6/2014,1553.60
9/6/2014,5690.00
9/6/2014,170.13
9/6/2014,9190.00
9/6/2014,1200.00
9/6/2014,8800.00
9/6/2014,8690.00
9/6/2014,1508.00
9/7/2014,3290.00
9/7/2014,6990.00
9/7/2014,1590.00
9/7/2014,6890.00
9/7/2014,5290.00
9/7/2014,3844.00
9/7/2014,1580.00
9/7/2014,1590.00
9/7/2014,8500.00
9/7/2014,1199.80
9/8/2014,2990.00
9/8/2014,15984.00
9/8/2014,5990.00
9/8/2014,2360.00
9/8/2014,2040.00
9/8/2014,12990.00
9/8/2014,5752.80
9/8/2014,1790.00
9/8/2014,6240.00
9/8/2014,5398.00
9/8/2014,699.90
9/8/2014,5990.00
9/8/2014,2590.00
9/8/2014,4000.00
9/8/2014,2810.00
9/9/2014,9910.40
9/9/2014,3980.00
9/9/2014,11360.00
9/9/2014,6520.00
9/9/2014,12990.00
9/9/2014,9488.00
9/9/2014,4220.00
9/9/2014,6730.00
9/9/2014,1869.00
9/10/2014,5032.80
9/10/2014,8900.00
9/10/2014,1560.00
9/10/2014,6990.00
9/10/2014,2670.00
9/10/2014,2900.00
9/10/2014,5312.40
9/10/2014,8800.00
9/10/2014,3290.00
9/10/2014,1199.80
9/10/2014,1199.80
9/10/2014,1807.20
9/10/2014,1559.80
9/10/2014,6080.00
9/11/2014,3184.00
9/11/2014,4362.00
9/11/2014,1980.00
9/11/2014,1348.00
9/11/2014,3560.00
9/11/2014,9990.00
9/11/2014,5690.00
9/11/2014,3830.00
9/11/2014,20004.60
9/11/2014,1360.00
9/11/2014,3890.00
9/12/2014,2900.00
9/12/2014,229.90
9/12/2014,1058.00
9/12/2014,789.37
9/12/2014,6990.00
9/12/2014,1290.00
9/12/2014,3829.50
9/12/2014,4990.00
9/12/2014,6520.00
9/12/2014,259.80
9/13/2014,8500.00
9/13/2014,199.80
9/13/2014,2560.00
9/13/2014,1190.00
9/13/2014,779.80
9/13/2014,2199.80
9/13/2014,3119.60
9/13/2014,6990.00
9/13/2014,3770.00
9/13/2014,7580.00
9/13/2014,5220.60
9/13/2014,6190.00
9/13/2014,5890.00
9/13/2014,2930.00
9/14/2014,9671.20
9/14/2014,11380.00
9/14/2014,1690.00
9/14/2014,689.70
9/14/2014,1559.80
9/14/2014,1600.00
9/14/2014,6990.00
9/14/2014,1320.00
9/14/2014,6520.00
9/14/2014,398.00
9/14/2014,4820.00
9/14/2014,2000.00
9/14/2014,8600.00
9/14/2014,5032.80
9/14/2014,17000.00
9/15/2014,2340.80
9/15/2014,1100.00
9/15/2014,6560.00
9/15/2014,199.80
9/15/2014,2899.90
9/15/2014,259.80
9/15/2014,3000.00
9/15/2014,2810.00
9/15/2014,7580.00
9/16/2014,399.90
9/16/2014,12580.00
9/16/2014,8380.00
9/16/2014,399.00
9/16/2014,420.00
9/16/2014,19.00
9/16/2014,15160.00
9/16/2014,2480.00
9/16/2014,429.90
9/16/2014,1176.00
9/16/2014,7580.00
9/16/2014,17000.00
9/16/2014,139.00
9/16/2014,999.90
9/17/2014,2199.80
9/17/2014,1584.00
9/17/2014,1690.00
9/17/2014,6730.00
9/17/2014,1399.80
9/17/2014,3400.00
9/17/2014,6990.00
9/17/2014,10999.90
9/17/2014,1290.00
9/18/2014,7792.20
9/18/2014,3780.00
9/18/2014,2199.00
9/18/2014,199.50
9/18/2014,578.80
9/18/2014,6536.00
9/18/2014,1805.40
9/18/2014,338.00
9/19/2014,499.90
9/19/2014,3300.00
9/19/2014,2000.00
9/19/2014,2952.60
9/19/2014,259.00
9/19/2014,2499.90
9/19/2014,1820.00
9/19/2014,3580.00
9/19/2014,269.90
9/19/2014,7580.00
9/19/2014,1611.60
9/20/2014,4110.00
9/20/2014,2880.00
9/20/2014,1869.00
9/20/2014,1799.90
9/20/2014,11849.70
9/20/2014,2690.00
9/20/2014,1290.00
9/20/2014,7580.00
9/20/2014,3290.00
9/20/2014,1479.60
9/20/2014,359.90
9/21/2014,6520.00
9/21/2014,14099.10
9/21/2014,908.60
9/21/2014,4598.00
9/21/2014,3829.50
9/21/2014,190.00
9/21/2014,5690.00
9/21/2014,329.90
9/21/2014,2670.00
9/21/2014,2090.00
9/21/2014,2812.00
9/21/2014,1290.00
9/21/2014,1980.00
9/21/2014,2580.00
9/21/2014,2780.00
9/21/2014,6320.00
9/21/2014,3980.00
9/21/2014,5398.00
9/21/2014,216.84
9/22/2014,4351.20
9/22/2014,12121.20
9/22/2014,6990.00
9/22/2014,476.00
9/22/2014,238.00
9/22/2014,5980.00
9/22/2014,9990.00
9/22/2014,12640.00
9/22/2014,7740.00
9/22/2014,2310.00
9/22/2014,3290.00
9/22/2014,7580.00
9/23/2014,431.40
9/23/2014,7580.00
9/23/2014,2999.80
9/23/2014,2590.00
9/23/2014,2599.90
9/23/2014,19.00
9/23/2014,3340.00
9/23/2014,5980.00
9/23/2014,1499.90
9/23/2014,399.90
9/23/2014,1986.60
9/23/2014,2400.00
9/23/2014,1880.00
9/24/2014,3829.50
9/24/2014,1169.00
9/24/2014,5990.00
9/24/2014,399.00
9/24/2014,10990.00
9/24/2014,4990.00
9/24/2014,135.92
9/24/2014,138.90
9/25/2014,4999.00
9/25/2014,4380.00
9/25/2014,908.60
9/25/2014,12990.00
9/25/2014,539.80
9/25/2014,2990.00
9/25/2014,4798.40
9/25/2014,6780.00
9/25/2014,520.00
9/25/2014,509.90
9/25/2014,5290.00
9/25/2014,679.80
9/25/2014,4990.00
9/26/2014,2780.00
9/26/2014,4310.00
9/26/2014,560.00
9/26/2014,4890.00
9/26/2014,1348.00
9/26/2014,9996.00
9/26/2014,211.13
9/26/2014,259.00
9/26/2014,8690.00
9/26/2014,1980.00
9/26/2014,9800.00
9/26/2014,2780.00
9/27/2014,4544.00
9/27/2014,4560.00
9/27/2014,3540.00
9/27/2014,6520.00
9/27/2014,12990.00
9/27/2014,3190.00
9/27/2014,4380.00
9/28/2014,3526.40
9/28/2014,3665.77
9/28/2014,1590.00
9/28/2014,19.00
9/28/2014,3829.50
9/28/2014,2290.00
9/28/2014,4270.00
9/28/2014,5609.20
9/28/2014,2224.00
9/28/2014,6990.00
9/28/2014,1528.80
9/29/2014,1980.00
9/29/2014,126.60
9/29/2014,22950.00
9/29/2014,3780.00
9/29/2014,2720.00
9/29/2014,1138.00
9/29/2014,358.00
9/29/2014,1980.00
9/29/2014,1190.00
9/30/2014,1340.00
9/30/2014,1288.80
9/30/2014,880.00
9/30/2014,1980.00
9/30/2014,19380.00
9/30/2014,4999.00
9/30/2014,578.80
9/30/2014,980.00
9/30/2014,2659.80
10/1/2014,5160.00
10/1/2014,188.02
10/1/2014,1790.00
10/1/2014,2000.00
10/1/2014,4160.00
10/1/2014,1058.00
10/1/2014,4999.90
10/1/2014,7580.00
10/1/2014,1150.00
10/1/2014,389.90
10/1/2014,4820.00
10/1/2014,3390.00
10/1/2014,2040.00
10/2/2014,6560.00
10/2/2014,312.00
10/2/2014,2199.80
10/2/2014,510.00
10/2/2014,424.73
10/2/2014,474.40
10/2/2014,22950.00
10/2/2014,2930.40
10/2/2014,2190.00
10/2/2014,269.90
10/2/2014,1929.60
10/3/2014,3000.00
10/3/2014,24990.00
10/3/2014,2190.00
10/3/2014,359.90
10/3/2014,3490.00
10/3/2014,1690.00
10/3/2014,3290.00
10/3/2014,389.92
10/3/2014,1196.27
10/3/2014,4362.00
10/3/2014,259.00
10/3/2014,3100.00
10/3/2014,2499.90
10/4/2014,5990.00
10/4/2014,9670.00
10/4/2014,2044.40
10/4/2014,4805.00
10/4/2014,2690.00
10/4/2014,1999.92
10/4/2014,509.90
10/4/2014,1340.00
10/4/2014,1514.90
10/4/2014,2290.00
10/4/2014,2310.00
10/5/2014,1000.00
10/5/2014,4362.00
10/5/2014,5990.00
10/5/2014,1969.00
10/5/2014,6590.00
10/6/2014,7667.20
10/6/2014,5002.00
10/6/2014,8220.25
10/6/2014,1015.15
10/6/2014,8476.00
10/6/2014,1638.30
10/6/2014,360.54
10/6/2014,331.52
10/6/2014,8416.80
10/6/2014,7707.43
10/6/2014,1960.54
10/6/2014,2538.73
10/6/2014,16964.94
10/6/2014,2559.15
10/7/2014,251.75
10/7/2014,4680.00
10/7/2014,1523.20
10/7/2014,7043.40
10/7/2014,7736.00
10/7/2014,137.34
10/7/2014,3950.00
10/7/2014,2799.60
10/7/2014,1493.30
10/7/2014,12327.28
10/7/2014,9352.80
10/8/2014,149.50
10/8/2014,1517.00
10/8/2014,638.49
10/8/2014,3302.40
10/8/2014,935.64
10/8/2014,7534.20
10/8/2014,7547.40
10/8/2014,50.55
10/8/2014,3350.85
10/8/2014,1108.80
10/8/2014,1651.20
10/8/2014,1693.85
10/8/2014,8527.80
10/8/2014,441.74
10/8/2014,5281.35
10/8/2014,7427.60
10/8/2014,1682.00
10/8/2014,6430.60
10/8/2014,403.86
10/8/2014,4492.90
10/9/2014,2293.60
10/9/2014,299.00
10/9/2014,9247.60
10/9/2014,393.70
10/9/2014,5214.00
10/9/2014,6502.40
10/9/2014,4628.00
10/9/2014,4864.10
10/9/2014,1278.98
10/9/2014,7787.00
10/9/2014,1508.00
10/9/2014,2944.00
10/10/2014,2324.40
10/10/2014,9131.70
10/10/2014,5421.60
10/10/2014,2170.80
10/10/2014,1599.60
10/10/2014,7252.00
10/10/2014,121.60
10/10/2014,7018.70
10/10/2014,8768.78
10/10/2014,4686.30
10/10/2014,5084.00
10/10/2014,4459.00
10/10/2014,1671.85
10/10/2014,8527.80
10/11/2014,218.53
10/11/2014,3188.81
10/11/2014,4116.80
10/11/2014,11023.60
10/11/2014,5032.80
10/11/2014,5032.80
10/11/2014,2534.40
10/12/2014,4563.20
10/12/2014,393.70
10/12/2014,340.38
10/12/2014,425.02
10/12/2014,7244.80
10/12/2014,963.93
10/12/2014,173.96
10/12/2014,4825.17
10/13/2014,7794.00
10/13/2014,1476.20
10/13/2014,7526.40
10/13/2014,1975.74
10/13/2014,7005.60
10/13/2014,2366.00
10/13/2014,4510.80
10/13/2014,7379.40
10/13/2014,6423.72
10/13/2014,10392.00
10/13/2014,1045.20
10/13/2014,4126.20
10/14/2014,6142.30
10/14/2014,1709.40
10/14/2014,329.28
10/14/2014,7322.50
10/14/2014,309.40
10/14/2014,7962.90
10/14/2014,284.94
10/14/2014,3887.00
10/14/2014,1520.94
10/14/2014,14250.60
10/14/2014,7354.30
10/15/2014,25349.20
10/15/2014,3199.20
10/15/2014,2324.70
10/15/2014,2793.80
10/15/2014,2544.30
10/15/2014,336.70
10/15/2014,6388.20
10/15/2014,740.72
10/15/2014,5014.20
10/15/2014,2299.70
10/15/2014,2287.80
10/15/2014,7551.80
10/15/2014,8874.00
10/16/2014,22619.92
10/16/2014,517.40
10/16/2014,544.96
10/16/2014,2931.20
10/16/2014,7307.80
10/16/2014,3596.00
10/16/2014,3396.60
10/16/2014,1983.20
10/16/2014,12787.20
10/16/2014,15520.81
10/17/2014,1269.87
10/17/2014,8700.00
10/17/2014,3839.87
10/17/2014,299.00
10/17/2014,1324.10
10/17/2014,7791.80
10/17/2014,230.27
10/17/2014,4116.80
10/17/2014,5931.42
10/18/2014,2519.37
10/18/2014,7787.00
10/18/2014,2942.65
10/18/2014,1484.80
10/18/2014,2079.40
10/18/2014,7722.60
10/18/2014,1535.74
10/18/2014,3596.00
10/18/2014,3003.00
10/18/2014,9048.00
10/18/2014,2394.00
10/18/2014,1235.00
10/19/2014,5172.60
10/19/2014,225.77
10/19/2014,2644.20
10/19/2014,281.94
10/19/2014,3571.20
10/19/2014,4468.80
10/19/2014,1498.60
10/20/2014,15598.80
10/20/2014,16094.94
10/20/2014,2529.45
10/20/2014,3657.60
10/20/2014,3112.40
10/20/2014,2067.00
10/20/2014,7654.40
10/20/2014,7526.40
10/20/2014,12393.00
10/20/2014,517.40
10/20/2014,5218.34
10/21/2014,12687.30
10/21/2014,1457.82
10/21/2014,3571.20
10/21/2014,4079.60
10/21/2014,32039.70
10/21/2014,3227.88
10/21/2014,1270.20
10/21/2014,1190.80
10/21/2014,3276.60
10/22/2014,13770.00
10/22/2014,6917.40
10/22/2014,1411.20
10/22/2014,659.80
10/22/2014,4599.00
10/22/2014,345.96
10/22/2014,5219.97
10/22/2014,3119.74
10/22/2014,2599.35
10/22/2014,2012.14
10/22/2014,2514.60
10/22/2014,2600.00
10/23/2014,2803.20
10/23/2014,6324.00
10/23/2014,4141.60
10/23/2014,2509.37
10/23/2014,1273.36
10/23/2014,282.90
10/23/2014,2894.40
10/23/2014,12625.00
10/23/2014,16980.14
10/23/2014,6030.28
10/23/2014,7384.00
10/24/2014,400.68
10/24/2014,397.80
10/24/2014,368.94
10/24/2014,1270.00
10/24/2014,2833.83
10/24/2014,361.40
10/24/2014,13425.75
10/24/2014,8748.00
10/24/2014,6931.60
10/24/2014,1532.74
10/24/2014,7549.75
10/24/2014,2111.20
10/25/2014,1076.40
10/25/2014,2199.30
10/25/2014,1976.00
10/25/2014,14299.87
10/25/2014,2962.40
10/25/2014,2583.00
10/25/2014,7667.20
10/25/2014,1848.00
10/25/2014,4914.00
10/25/2014,2910.60
10/25/2014,7576.80
10/25/2014,1021.86
10/25/2014,2560.00
10/25/2014,3855.00
10/25/2014,7427.60
10/26/2014,13994.40
10/26/2014,2152.80
10/26/2014,1270.20
10/26/2014,117.80
10/26/2014,3822.70
10/26/2014,5952.00
10/26/2014,8667.60
10/27/2014,8425.23
10/27/2014,5422.90
10/27/2014,15937.20
10/27/2014,4788.00
10/27/2014,7560.00
10/28/2014,515.74
10/28/2014,309.40
10/28/2014,3403.60
10/28/2014,10194.45
10/28/2014,4367.60
10/28/2014,3250.80
10/28/2014,5098.60
10/28/2014,239.40
10/28/2014,12979.81
10/28/2014,6064.00
10/28/2014,345.47
10/28/2014,4672.20
10/29/2014,4432.60
10/29/2014,560.77
10/29/2014,26163.00
10/29/2014,288.52
10/29/2014,2356.00
10/29/2014,10357.20
10/29/2014,4758.00
10/29/2014,1847.69
10/29/2014,4188.40
10/30/2014,956.34
10/30/2014,4440.00
10/30/2014,12448.80
10/30/2014,365.90
10/30/2014,3423.92
10/30/2014,657.66
10/30/2014,3104.40
10/30/2014,7018.70
10/30/2014,14244.30
10/30/2014,5144.15
10/30/2014,4748.58
10/30/2014,486.78
10/31/2014,3767.40
10/31/2014,884.00
10/31/2014,2720.80
10/31/2014,7014.60
10/31/2014,219.48
10/31/2014,294.40
10/31/2014,3147.60
10/31/2014,2455.20
10/31/2014,2952.60
10/31/2014,3694.60
10/31/2014,2019.68
10/31/2014,2560.00
10/31/2014,7427.60
10/31/2014,238.70
10/31/2014,3547.80
10/31/2014,1559.74
11/1/2014,14456.63
11/1/2014,7142.40
11/1/2014,203.40
11/1/2014,6630.60
11/1/2014,242.73
11/1/2014,7320.00
11/1/2014,6387.20
11/1/2014,4147.00
11/1/2014,7924.80
11/1/2014,5586.73
11/1/2014,1014.00
11/2/2014,6398.72
11/2/2014,6929.60
11/2/2014,3853.72
11/2/2014,2534.40
11/2/2014,4277.00
11/2/2014,1449.94
11/2/2014,4178.30
11/2/2014,2401.67
11/2/2014,2963.60
11/2/2014,3376.80
11/2/2014,13072.80
11/2/2014,409.60
11/2/2014,273.52
11/2/2014,383.36
11/3/2014,180.57
11/3/2014,1403.00
11/3/2014,648.80
11/3/2014,9991.80
11/3/2014,5110.00
11/3/2014,552.01
11/3/2014,2757.24
11/3/2014,3962.40
11/3/2014,7318.78
11/3/2014,4056.00
11/3/2014,335.14
11/4/2014,9600.00
11/4/2014,501.48
11/4/2014,353.06
11/4/2014,1288.97
11/4/2014,1983.88
11/5/2014,1461.20
11/5/2014,5670.60
11/5/2014,11322.00
11/5/2014,253.37
11/5/2014,12152.00
11/5/2014,7170.30
11/5/2014,2665.00
11/5/2014,1735.53
11/5/2014,336.70
11/6/2014,3912.00
11/6/2014,14299.87
11/6/2014,8701.40
11/6/2014,12387.60
11/6/2014,2183.80
11/6/2014,5457.60
11/6/2014,7404.30
11/6/2014,281.94
11/6/2014,8635.49
11/6/2014,2054.00
11/7/2014,411.02
11/7/2014,8725.15
11/7/2014,22491.00
11/7/2014,3315.30
11/7/2014,704.00
11/7/2014,1801.80
11/7/2014,2717.00
11/7/2014,394.84
11/7/2014,170.13
11/7/2014,512.72
11/8/2014,2204.00
11/8/2014,4312.80
11/8/2014,1559.94
11/8/2014,8640.00
11/8/2014,2399.92
11/8/2014,4604.60
11/8/2014,345.47
11/8/2014,8527.80
11/8/2014,11379.20
11/8/2014,10439.40
11/8/2014,350.28
11/9/2014,9399.20
11/9/2014,13311.00
11/9/2014,4608.00
11/9/2014,4883.00
11/9/2014,652.53
11/9/2014,3501.45
11/9/2014,2244.40
11/9/2014,285.20
11/9/2014,5040.20
11/9/2014,9360.00
11/10/2014,2160.00
11/10/2014,5144.15
11/10/2014,11557.00
11/10/2014,1254.87
11/10/2014,7714.20
11/10/2014,1490.60
11/10/2014,2110.39
11/10/2014,9247.60
11/10/2014,13494.60
11/10/2014,4284.00
11/10/2014,360.43
11/11/2014,6591.90
11/11/2014,425.88
11/11/2014,2315.48
11/11/2014,61.69
11/11/2014,3770.00
11/11/2014,164.58
11/11/2014,4339.20
11/11/2014,14313.60
11/11/2014,2799.60
11/11/2014,1218.57
11/12/2014,4876.60
11/12/2014,3625.20
11/12/2014,3484.00
11/12/2014,12387.60
11/12/2014,24.13
11/12/2014,6167.49
11/12/2014,4762.80
11/12/2014,212.04
11/12/2014,1331.92
11/12/2014,10492.00
11/13/2014,2548.00
11/13/2014,15722.60
11/13/2014,7667.20
11/13/2014,2998.80
11/13/2014,5312.40
11/13/2014,3707.60
11/13/2014,3757.60
11/13/2014,6856.73
11/13/2014,4952.00
11/13/2014,5321.64
11/14/2014,9399.20
11/14/2014,33059.89
11/14/2014,4653.00
11/14/2014,5054.60
11/14/2014,5140.00
11/14/2014,8215.20
11/14/2014,3381.06
11/14/2014,12480.00
11/14/2014,1386.00
11/14/2014,1324.60
11/14/2014,29357.40
11/15/2014,351.00
11/15/2014,4089.60
11/15/2014,7169.40
11/15/2014,4249.60
11/16/2014,5120.00
11/16/2014,12737.25
11/16/2014,8462.40
11/16/2014,441.74
11/16/2014,3354.00
11/16/2014,8623.30
11/16/2014,1236.60
11/16/2014,14067.20
11/16/2014,2818.20
11/16/2014,1269.75
11/16/2014,1048.22
11/16/2014,310.00
11/16/2014,2008.80
11/17/2014,5078.73
11/17/2014,3147.60
11/17/2014,6682.20
11/17/2014,2004.60
11/17/2014,2793.80
11/17/2014,9247.60
11/17/2014,928.80
11/17/2014,453.47
11/17/2014,2265.48
11/17/2014,422.40
11/18/2014,3534.00
11/18/2014,4863.47
11/18/2014,2152.80
11/18/2014,2368.80
11/18/2014,3647.80
11/18/2014,4575.60
11/18/2014,446.28
11/18/2014,765.42
11/18/2014,414.15
11/18/2014,149.50
11/18/2014,8331.20
11/18/2014,5773.00
11/19/2014,289.67
11/19/2014,7594.60
11/19/2014,657.66
11/19/2014,645.99
11/19/2014,26562.00
11/19/2014,2128.00
11/19/2014,2631.60
11/19/2014,8166.40
11/19/2014,10392.00
11/19/2014,2228.80
11/20/2014,3430.40
11/20/2014,2508.00
11/20/2014,717.71
11/20/2014,12984.80
11/20/2014,3330.60
11/20/2014,7323.23
11/20/2014,5200.00
11/20/2014,8877.30
11/20/2014,285.08
11/20/2014,1439.60
11/20/2014,2540.00
11/20/2014,7644.00
11/20/2014,6199.88
11/20/2014,1477.63
11/20/2014,7861.30
11/21/2014,1402.20
11/21/2014,4224.00
11/21/2014,5188.81
11/21/2014,5200.00
11/21/2014,13747.20
11/22/2014,1048.22
11/22/2014,764.40
11/22/2014,7311.65
11/22/2014,8527.80
11/22/2014,4716.00
11/22/2014,4773.00
11/22/2014,5994.00
11/22/2014,6801.48
11/23/2014,3433.60
11/23/2014,1372.80
11/23/2014,8230.20
11/23/2014,1291.47
11/23/2014,6559.60
11/23/2014,5968.62
11/23/2014,3699.20
11/23/2014,2833.83
11/23/2014,14808.60
11/23/2014,45239.84
11/24/2014,4866.40
11/24/2014,7534.20
11/24/2014,50.15
11/24/2014,3227.88
11/24/2014,1259.75
11/24/2014,5174.00
11/24/2014,2544.30
11/24/2014,1794.00
11/24/2014,2087.93
11/24/2014,25666.20
11/25/2014,4013.20
11/25/2014,1809.60
11/25/2014,2280.60
11/25/2014,2406.40
11/26/2014,8179.20
11/26/2014,6187.60
11/26/2014,1248.20
11/26/2014,1949.87
11/26/2014,3367.00
11/26/2014,6087.80
11/26/2014,2227.20
11/26/2014,2144.00
11/26/2014,10844.20
11/27/2014,8947.20
11/27/2014,7697.15
11/27/2014,522.47
11/27/2014,9087.00
11/27/2014,1293.04
11/27/2014,2607.00
11/27/2014,1715.20
11/27/2014,5188.81
11/27/2014,494.76
11/27/2014,3369.60
11/27/2014,12375.20
11/27/2014,1794.00
11/27/2014,943.80
11/28/2014,3295.95
11/28/2014,2219.60
11/28/2014,5020.40
11/28/2014,24.27
11/28/2014,382.72
11/28/2014,2109.58
11/28/2014,3647.80
11/28/2014,2095.60
11/28/2014,121.60
11/28/2014,2885.40
11/29/2014,4391.87
11/29/2014,10972.80
11/29/2014,2534.40
11/29/2014,3593.15
11/29/2014,1857.40
11/29/2014,1277.50
11/29/2014,363.26
11/29/2014,778.70
11/29/2014,251.49
11/29/2014,5001.26
11/29/2014,2450.50
11/29/2014,1517.00
11/29/2014,5994.00
11/30/2014,1126.40
11/30/2014,3852.80
11/30/2014,1975.74
11/30/2014,315.00
11/30/2014,8807.40
11/30/2014,7427.60
11/30/2014,173.96
11/30/2014,2501.20
11/30/2014,251.37
11/30/2014,159.60
11/30/2014,5321.64
12/1/2014,1715.20
12/1/2014,1226.40
12/1/2014,12954.00
12/1/2014,4510.80
12/1/2014,1432.00
12/1/2014,4901.76
12/1/2014,2559.70
12/1/2014,338.00
12/1/2014,1983.20
12/2/2014,93.68
12/2/2014,1345.20
12/2/2014,5054.60
12/2/2014,12700.00
12/2/2014,2793.75
12/2/2014,1417.68
12/2/2014,7708.72
12/3/2014,3288.00
12/3/2014,5270.40
12/3/2014,6102.35
12/3/2014,2323.92
12/3/2014,405.90
12/3/2014,4586.40
12/3/2014,3678.40
12/3/2014,1200.68
12/3/2014,1984.00
12/3/2014,2090.40
12/3/2014,3797.30
12/4/2014,7291.20
12/4/2014,1938.00
12/4/2014,1480.90
12/4/2014,2450.50
12/4/2014,1399.94
12/4/2014,4211.20
12/4/2014,5192.80
12/5/2014,4546.60
12/5/2014,2574.00
12/5/2014,258.25
12/5/2014,2784.95
12/5/2014,11050.00
12/5/2014,292.10
12/5/2014,5150.80
12/5/2014,3351.60
12/5/2014,1659.20
12/5/2014,6832.60
